ShareCode,TradeDateTime,LastPrice,Volume,Value,Flag
ADVANC,2025-10-20 09:56:22.000,298.0,106500,31737000.0,OPEN1_E
ADVANC,2025-10-20 09:56:23.000,298.0,1700,506600.0,Buy
ADVANC,2025-10-20 09:56:23.000,297.0,400,118800.0,Sell
ADVANC,2025-10-20 09:56:23.000,298.0,500,149000.0,Buy
ADVANC,2025-10-20 09:56:23.000,298.0,100,29800.0,Buy
ADVANC,2025-10-20 09:56:23.000,298.0,2200,655600.0,Buy
ADVANC,2025-10-20 09:56:23.000,298.0,200,59600.0,Buy
ADVANC,2025-10-20 09:56:23.000,298.0,700,208600.0,Buy
ADVANC,2025-10-20 09:56:23.000,298.0,800,238400.0,Buy
ADVANC,2025-10-20 09:56:23.000,298.0,9800,2920400.0,Buy
ADVANC,2025-10-20 09:56:23.000,298.0,300,89400.0,Buy
ADVANC,2025-10-20 09:56:23.000,298.0,26500,7897000.0,Buy
ADVANC,2025-10-20 09:56:23.000,298.0,3000,894000.0,Buy
ADVANC,2025-10-20 09:56:23.000,298.0,63700,18982600.0,Buy
ADVANC,2025-10-20 09:56:23.000,298.0,400,119200.0,Buy
ADVANC,2025-10-20 09:56:23.000,298.0,5000,1490000.0,Buy
ADVANC,2025-10-20 09:56:23.000,298.0,600,178800.0,Buy
ADVANC,2025-10-20 09:56:23.000,298.0,11900,3546200.0,Buy
ADVANC,2025-10-20 09:56:23.000,298.0,1200,357600.0,Buy
ADVANC,2025-10-20 09:56:23.000,298.0,2000,596000.0,Buy
ADVANC,2025-10-20 09:56:23.000,298.0,30000,8940000.0,Buy
ADVANC,2025-10-20 09:56:24.000,298.0,300,89400.0,Sell
ADVANC,2025-10-20 09:56:24.000,298.0,100,29800.0,Sell
ADVANC,2025-10-20 09:56:24.000,298.0,400,119200.0,Sell
ADVANC,2025-10-20 09:56:25.000,298.0,800,238400.0,Sell
ADVANC,2025-10-20 09:56:25.000,298.0,100,29800.0,Sell
ADVANC,2025-10-20 09:56:25.000,298.0,200,59600.0,Sell
ADVANC,2025-10-20 09:56:25.000,298.0,5100,1519800.0,Sell
ADVANC,2025-10-20 09:56:25.000,298.0,12900,3844200.0,Sell
ADVANC,2025-10-20 09:56:26.000,298.0,200,59600.0,Buy
ADVANC,2025-10-20 09:56:26.000,298.0,2100,625800.0,Buy
ADVANC,2025-10-20 09:56:26.000,298.0,8400,2503200.0,Buy
ADVANC,2025-10-20 09:56:52.000,298.0,200,59600.0,Sell
ADVANC,2025-10-20 09:56:54.000,298.0,100,29800.0,Sell
ADVANC,2025-10-20 09:57:18.000,298.0,1000,298000.0,Sell
ADVANC,2025-10-20 09:57:24.000,299.0,5000,1495000.0,Buy
ADVANC,2025-10-20 09:57:25.000,298.0,18200,5423600.0,Sell
ADVANC,2025-10-20 09:57:25.000,299.0,5000,1495000.0,Buy
ADVANC,2025-10-20 09:57:26.000,298.0,100,29800.0,Sell
ADVANC,2025-10-20 09:57:26.000,299.0,100,29900.0,Buy
ADVANC,2025-10-20 09:57:26.000,299.0,4900,1465100.0,Buy
ADVANC,2025-10-20 09:57:27.000,298.0,300,89400.0,Sell
ADVANC,2025-10-20 09:57:27.000,299.0,5000,1495000.0,Buy
ADVANC,2025-10-20 09:57:28.000,298.0,300,89400.0,Sell
ADVANC,2025-10-20 09:57:28.000,299.0,1300,388700.0,Buy
ADVANC,2025-10-20 09:57:28.000,299.0,100,29900.0,Buy
ADVANC,2025-10-20 09:57:28.000,299.0,2400,717600.0,Buy
ADVANC,2025-10-20 09:57:28.000,299.0,1000,299000.0,Buy
ADVANC,2025-10-20 09:57:29.000,298.0,300,89400.0,Sell
ADVANC,2025-10-20 09:57:29.000,299.0,5000,1495000.0,Buy
ADVANC,2025-10-20 09:57:30.000,298.0,300,89400.0,Sell
ADVANC,2025-10-20 09:57:30.000,299.0,5000,1495000.0,Buy
ADVANC,2025-10-20 09:57:31.000,299.0,2000,598000.0,Buy
ADVANC,2025-10-20 09:57:31.000,298.0,100,29800.0,Sell
ADVANC,2025-10-20 09:57:32.000,299.0,200,59800.0,Buy
ADVANC,2025-10-20 09:57:35.000,298.0,2800,834400.0,Sell
ADVANC,2025-10-20 09:57:35.000,298.0,200,59600.0,Sell
ADVANC,2025-10-20 09:58:03.000,299.0,100,29900.0,Buy
ADVANC,2025-10-20 09:58:20.000,298.0,1200,357600.0,Sell
ADVANC,2025-10-20 09:58:20.000,298.0,100,29800.0,Sell
ADVANC,2025-10-20 09:58:20.000,298.0,9600,2860800.0,Sell
ADVANC,2025-10-20 09:58:20.000,298.0,10400,3099200.0,Sell
ADVANC,2025-10-20 09:58:44.000,297.0,900,267300.0,Sell
ADVANC,2025-10-20 09:58:44.000,298.0,100,29800.0,Sell
ADVANC,2025-10-20 09:58:44.000,297.0,800,237600.0,Sell
ADVANC,2025-10-20 09:58:44.000,298.0,200,59600.0,Sell
ADVANC,2025-10-20 09:58:44.000,298.0,800,238400.0,Sell
ADVANC,2025-10-20 09:58:44.000,298.0,1200,357600.0,Sell
ADVANC,2025-10-20 09:58:44.000,298.0,700,208600.0,Sell
ADVANC,2025-10-20 09:58:44.000,298.0,1000,298000.0,Sell
ADVANC,2025-10-20 09:58:44.000,298.0,1000,298000.0,Buy
ADVANC,2025-10-20 09:58:44.000,298.0,2000,596000.0,Buy
ADVANC,2025-10-20 09:58:44.000,298.0,900,268200.0,Sell
ADVANC,2025-10-20 09:58:44.000,298.0,3000,894000.0,Buy
ADVANC,2025-10-20 09:58:44.000,298.0,2400,715200.0,Sell
ADVANC,2025-10-20 09:58:44.000,298.0,5000,1490000.0,Buy
ADVANC,2025-10-20 09:58:44.000,298.0,1800,536400.0,Sell
ADVANC,2025-10-20 09:58:44.000,298.0,18000,5364000.0,Sell
ADVANC,2025-10-20 09:58:45.000,297.0,100,29700.0,Sell
ADVANC,2025-10-20 09:58:45.000,297.0,500,148500.0,Sell
ADVANC,2025-10-20 09:58:45.000,297.0,300,89100.0,Sell
ADVANC,2025-10-20 09:58:45.000,298.0,3000,894000.0,Buy
ADVANC,2025-10-20 09:58:45.000,298.0,5000,1490000.0,Buy
ADVANC,2025-10-20 09:58:46.000,297.0,300,89100.0,Sell
ADVANC,2025-10-20 09:58:46.000,297.0,100,29700.0,Sell
ADVANC,2025-10-20 09:58:46.000,298.0,2000,596000.0,Buy
ADVANC,2025-10-20 09:58:46.000,298.0,5000,1490000.0,Buy
ADVANC,2025-10-20 09:58:47.000,297.0,300,89100.0,Sell
ADVANC,2025-10-20 09:58:47.000,298.0,5000,1490000.0,Buy
ADVANC,2025-10-20 09:58:47.000,298.0,11400,3397200.0,Buy
ADVANC,2025-10-20 09:58:47.000,298.0,11600,3456800.0,Buy
ADVANC,2025-10-20 09:58:48.000,298.0,5000,1490000.0,Buy
ADVANC,2025-10-20 09:58:48.000,297.0,100,29700.0,Sell
ADVANC,2025-10-20 09:58:48.000,297.0,1400,415800.0,Sell
ADVANC,2025-10-20 09:58:49.000,298.0,200,59600.0,Buy
ADVANC,2025-10-20 09:58:49.000,298.0,100,29800.0,Buy
ADVANC,2025-10-20 09:58:49.000,298.0,300,89400.0,Buy
ADVANC,2025-10-20 09:58:49.000,298.0,8000,2384000.0,Buy
ADVANC,2025-10-20 09:58:49.000,298.0,10000,2980000.0,Buy
ADVANC,2025-10-20 09:58:49.000,298.0,1700,506600.0,Buy
ADVANC,2025-10-20 09:58:49.000,298.0,21300,6347400.0,Buy
ADVANC,2025-10-20 09:58:49.000,298.0,2200,655600.0,Buy
ADVANC,2025-10-20 09:58:50.000,298.0,4800,1430400.0,Sell
ADVANC,2025-10-20 09:59:47.000,298.0,200,59600.0,Sell
ADVANC,2025-10-20 10:00:21.000,298.0,100,29800.0,Sell
ADVANC,2025-10-20 10:00:21.000,298.0,8100,2413800.0,Sell
ADVANC,2025-10-20 10:00:56.000,298.0,200,59600.0,Sell
ADVANC,2025-10-20 10:01:00.000,298.0,8600,2562800.0,Sell
ADVANC,2025-10-20 10:01:24.000,298.0,200,59600.0,Sell
ADVANC,2025-10-20 10:01:28.000,298.0,20,5960.0,Odd
ADVANC,2025-10-20 10:02:07.000,298.0,200,59600.0,Sell
ADVANC,2025-10-20 10:02:44.000,298.0,500,149000.0,Sell
ADVANC,2025-10-20 10:03:00.000,298.0,2000,596000.0,Sell
ADVANC,2025-10-20 10:03:34.000,298.0,100,29800.0,Sell
ADVANC,2025-10-20 10:04:10.000,298.0,100,29800.0,Sell
ADVANC,2025-10-20 10:04:27.000,298.0,100,29800.0,Sell
ADVANC,2025-10-20 10:04:30.000,298.0,10,2980.0,Odd
ADVANC,2025-10-20 10:04:31.000,298.0,2800,834400.0,Sell
ADVANC,2025-10-20 10:04:37.000,298.0,100,29800.0,Sell
ADVANC,2025-10-20 10:04:49.000,298.0,5,1490.0,Odd
ADVANC,2025-10-20 10:05:21.000,298.0,1,298.0,Odd
ADVANC,2025-10-20 10:05:42.000,298.0,100,29800.0,Sell
ADVANC,2025-10-20 10:05:42.000,298.0,5800,1728400.0,Sell
ADVANC,2025-10-20 10:05:51.000,298.0,8400,2503200.0,Sell
ADVANC,2025-10-20 10:06:01.000,299.0,600,179400.0,Buy
ADVANC,2025-10-20 10:06:29.000,298.0,10,2980.0,Odd
ADVANC,2025-10-20 10:06:53.000,298.0,100,29800.0,Sell
ADVANC,2025-10-20 10:06:57.000,298.0,200,59600.0,Sell
ADVANC,2025-10-20 10:07:00.000,299.0,700,209300.0,Buy
ADVANC,2025-10-20 10:07:30.000,299.0,600,179400.0,Buy
ADVANC,2025-10-20 10:07:55.000,299.0,1,299.0,Odd
ADVANC,2025-10-20 10:07:59.000,298.0,7,2086.0,Odd
ADVANC,2025-10-20 10:08:04.000,298.0,100,29800.0,Sell
ADVANC,2025-10-20 10:08:20.000,299.0,400,119600.0,Buy
ADVANC,2025-10-20 10:08:27.000,299.0,600,179400.0,Buy
ADVANC,2025-10-20 10:08:47.000,299.0,100,29900.0,Buy
ADVANC,2025-10-20 10:09:10.000,299.0,200,59800.0,Buy
ADVANC,2025-10-20 10:09:49.000,299.0,1,299.0,Odd
ADVANC,2025-10-20 10:09:54.000,299.0,700,209300.0,Buy
ADVANC,2025-10-20 10:10:19.000,298.0,100,29800.0,Sell
ADVANC,2025-10-20 10:10:48.000,298.0,3,894.0,Odd
ADVANC,2025-10-20 10:10:48.000,298.0,7,2086.0,Odd
ADVANC,2025-10-20 10:13:19.000,298.0,1,298.0,Odd
ADVANC,2025-10-20 10:13:19.000,298.0,2,596.0,Odd
ADVANC,2025-10-20 10:13:27.000,299.0,100,29900.0,Buy
ADVANC,2025-10-20 10:14:18.000,298.0,200,59600.0,Sell
ADVANC,2025-10-20 10:14:30.000,298.0,5,1490.0,Odd
ADVANC,2025-10-20 10:14:31.000,298.0,100,29800.0,Sell
ADVANC,2025-10-20 10:15:04.000,298.0,2000,596000.0,Sell
ADVANC,2025-10-20 10:15:29.000,299.0,1000,299000.0,Buy
ADVANC,2025-10-20 10:15:43.000,298.0,100,29800.0,Sell
ADVANC,2025-10-20 10:15:56.000,299.0,200,59800.0,Buy
ADVANC,2025-10-20 10:16:32.000,299.0,100,29900.0,Buy
ADVANC,2025-10-20 10:16:39.000,298.0,100,29800.0,Sell
ADVANC,2025-10-20 10:16:40.000,299.0,400,119600.0,Buy
ADVANC,2025-10-20 10:16:45.000,299.0,400,119600.0,Buy
ADVANC,2025-10-20 10:17:27.000,299.0,1,299.0,Odd
ADVANC,2025-10-20 10:17:53.000,299.0,1,299.0,Odd
ADVANC,2025-10-20 10:18:03.000,298.0,100,29800.0,Sell
ADVANC,2025-10-20 10:18:54.000,298.0,100,29800.0,Sell
ADVANC,2025-10-20 10:18:55.000,298.0,300,89400.0,Sell
ADVANC,2025-10-20 10:18:59.000,298.0,500,149000.0,Sell
ADVANC,2025-10-20 10:19:09.000,299.0,100,29900.0,Buy
ADVANC,2025-10-20 10:20:03.000,298.0,100,29800.0,Sell
ADVANC,2025-10-20 10:20:04.000,298.0,400,119200.0,Sell
ADVANC,2025-10-20 10:20:46.000,298.0,100,29800.0,Sell
ADVANC,2025-10-20 10:21:43.000,298.0,100,29800.0,Sell
ADVANC,2025-10-20 10:21:49.000,299.0,100,29900.0,Buy
ADVANC,2025-10-20 10:21:49.000,298.0,5,1490.0,Odd
ADVANC,2025-10-20 10:22:13.000,298.0,100,29800.0,Sell
ADVANC,2025-10-20 10:22:14.000,298.0,100,29800.0,Sell
ADVANC,2025-10-20 10:22:49.000,298.0,200,59600.0,Sell
ADVANC,2025-10-20 10:23:03.000,298.0,100,29800.0,Sell
ADVANC,2025-10-20 10:23:27.000,298.0,100,29800.0,Sell
ADVANC,2025-10-20 10:23:28.000,298.0,300,89400.0,Sell
ADVANC,2025-10-20 10:24:05.000,298.0,100,29800.0,Sell
ADVANC,2025-10-20 10:24:23.000,298.0,100,29800.0,Sell
ADVANC,2025-10-20 10:24:30.000,299.0,100,29900.0,Buy
ADVANC,2025-10-20 10:24:41.000,299.0,200,59800.0,Buy
ADVANC,2025-10-20 10:25:25.000,298.0,100,29800.0,Sell
ADVANC,2025-10-20 10:25:26.000,298.0,100,29800.0,Sell
ADVANC,2025-10-20 10:25:30.000,298.0,8,2384.0,Odd
ADVANC,2025-10-20 10:25:37.000,298.0,2,596.0,Odd
ADVANC,2025-10-20 10:25:43.000,298.0,100,29800.0,Sell
ADVANC,2025-10-20 10:26:45.000,298.0,100,29800.0,Sell
ADVANC,2025-10-20 10:26:54.000,298.0,700,208600.0,Sell
ADVANC,2025-10-20 10:26:55.000,298.0,900,268200.0,Sell
ADVANC,2025-10-20 10:26:59.000,298.0,100,29800.0,Sell
ADVANC,2025-10-20 10:26:59.000,298.0,400,119200.0,Sell
ADVANC,2025-10-20 10:27:03.000,298.0,500,149000.0,Sell
ADVANC,2025-10-20 10:27:13.000,299.0,100,29900.0,Buy
ADVANC,2025-10-20 10:27:20.000,298.0,500,149000.0,Sell
ADVANC,2025-10-20 10:27:22.000,298.0,1000,298000.0,Sell
ADVANC,2025-10-20 10:27:35.000,298.0,100,29800.0,Sell
ADVANC,2025-10-20 10:27:51.000,298.0,300,89400.0,Sell
ADVANC,2025-10-20 10:28:05.000,298.0,100,29800.0,Sell
ADVANC,2025-10-20 10:28:23.000,298.0,100,29800.0,Sell
ADVANC,2025-10-20 10:28:24.000,298.0,100,29800.0,Sell
ADVANC,2025-10-20 10:28:30.000,298.0,2000,596000.0,Sell
ADVANC,2025-10-20 10:28:35.000,298.0,300,89400.0,Sell
ADVANC,2025-10-20 10:28:41.000,298.0,100,29800.0,Sell
ADVANC,2025-10-20 10:28:49.000,298.0,1,298.0,Odd
ADVANC,2025-10-20 10:28:55.000,298.0,4,1192.0,Odd
ADVANC,2025-10-20 10:29:05.000,299.0,3400,1016600.0,Buy
ADVANC,2025-10-20 10:29:25.000,298.0,100,29800.0,Sell
ADVANC,2025-10-20 10:29:43.000,298.0,100,29800.0,Sell
ADVANC,2025-10-20 10:30:01.000,298.0,3,894.0,Odd
ADVANC,2025-10-20 10:30:01.000,299.0,100,29900.0,Buy
ADVANC,2025-10-20 10:30:06.000,298.0,2500,745000.0,Sell
ADVANC,2025-10-20 10:30:42.000,298.0,300,89400.0,Sell
ADVANC,2025-10-20 10:30:56.000,298.0,100,29800.0,Sell
ADVANC,2025-10-20 10:31:05.000,298.0,100,29800.0,Sell
ADVANC,2025-10-20 10:31:05.000,298.0,500,149000.0,Sell
ADVANC,2025-10-20 10:31:05.000,298.0,3000,894000.0,Sell
ADVANC,2025-10-20 10:31:05.000,298.0,1400,417200.0,Sell
ADVANC,2025-10-20 10:31:16.000,298.0,1,298.0,Odd
ADVANC,2025-10-20 10:31:23.000,298.0,100,29800.0,Sell
ADVANC,2025-10-20 10:31:36.000,298.0,200,59600.0,Sell
ADVANC,2025-10-20 10:31:36.000,298.0,100,29800.0,Sell
ADVANC,2025-10-20 10:31:37.000,298.0,100,29800.0,Sell
ADVANC,2025-10-20 10:31:44.000,298.0,400,119200.0,Sell
ADVANC,2025-10-20 10:31:44.000,298.0,500,149000.0,Sell
ADVANC,2025-10-20 10:31:56.000,298.0,700,208600.0,Sell
ADVANC,2025-10-20 10:32:21.000,298.0,300,89400.0,Sell
ADVANC,2025-10-20 10:32:26.000,298.0,100,29800.0,Sell
ADVANC,2025-10-20 10:32:53.000,299.0,100,29900.0,Buy
ADVANC,2025-10-20 10:33:05.000,298.0,100,29800.0,Sell
ADVANC,2025-10-20 10:33:20.000,298.0,800,238400.0,Sell
ADVANC,2025-10-20 10:33:20.000,298.0,100,29800.0,Sell
ADVANC,2025-10-20 10:33:20.000,298.0,200,59600.0,Sell
ADVANC,2025-10-20 10:33:20.000,298.0,400,119200.0,Sell
ADVANC,2025-10-20 10:33:20.000,298.0,10800,3218400.0,Sell
ADVANC,2025-10-20 10:33:20.000,298.0,500,149000.0,Sell
ADVANC,2025-10-20 10:33:20.000,298.0,300,89400.0,Sell
ADVANC,2025-10-20 10:33:20.000,298.0,700,208600.0,Sell
ADVANC,2025-10-20 10:33:20.000,298.0,900,268200.0,Sell
ADVANC,2025-10-20 10:33:20.000,298.0,1000,298000.0,Sell
ADVANC,2025-10-20 10:33:20.000,298.0,3000,894000.0,Sell
ADVANC,2025-10-20 10:33:20.000,298.0,5500,1639000.0,Sell
ADVANC,2025-10-20 10:33:20.000,298.0,8200,2443600.0,Sell
ADVANC,2025-10-20 10:33:20.000,298.0,28400,8463200.0,Sell
ADVANC,2025-10-20 10:33:20.000,298.0,10000,2980000.0,Sell
ADVANC,2025-10-20 10:33:20.000,298.0,14600,4350800.0,Sell
ADVANC,2025-10-20 10:33:33.000,298.0,1,298.0,Odd
ADVANC,2025-10-20 10:33:33.000,298.0,10,2980.0,Odd
ADVANC,2025-10-20 10:33:33.000,298.0,50,14900.0,Odd
ADVANC,2025-10-20 10:33:33.000,298.0,13,3874.0,Odd
ADVANC,2025-10-20 10:33:33.000,298.0,14,4172.0,Odd
ADVANC,2025-10-20 10:33:34.000,298.0,100,29800.0,Buy
ADVANC,2025-10-20 10:33:34.000,298.0,7,2086.0,Odd
ADVANC,2025-10-20 10:33:34.000,298.0,400,119200.0,Buy
ADVANC,2025-10-20 10:33:34.000,298.0,100,29800.0,Sell
ADVANC,2025-10-20 10:33:34.000,298.0,200,59600.0,Sell
ADVANC,2025-10-20 10:33:34.000,298.0,800,238400.0,Buy
ADVANC,2025-10-20 10:33:34.000,298.0,400,119200.0,Sell
ADVANC,2025-10-20 10:33:34.000,298.0,200,59600.0,Buy
ADVANC,2025-10-20 10:33:34.000,298.0,1000,298000.0,Buy
ADVANC,2025-10-20 10:33:34.000,298.0,1700,506600.0,Buy
ADVANC,2025-10-20 10:33:34.000,298.0,700,208600.0,Buy
ADVANC,2025-10-20 10:33:34.000,298.0,300,89400.0,Buy
ADVANC,2025-10-20 10:33:34.000,298.0,1800,536400.0,Buy
ADVANC,2025-10-20 10:33:34.000,298.0,6000,1788000.0,Buy
ADVANC,2025-10-20 10:33:34.000,298.0,5500,1639000.0,Buy
ADVANC,2025-10-20 10:33:34.000,298.0,1200,357600.0,Buy
ADVANC,2025-10-20 10:33:34.000,298.0,9800,2920400.0,Buy
ADVANC,2025-10-20 10:33:34.000,298.0,49500,14751000.0,Buy
ADVANC,2025-10-20 10:33:34.000,298.0,8000,2384000.0,Buy
ADVANC,2025-10-20 10:33:34.000,298.0,11500,3427000.0,Buy
ADVANC,2025-10-20 10:33:34.000,298.0,33400,9953200.0,Buy
ADVANC,2025-10-20 10:33:34.000,298.0,15000,4470000.0,Buy
ADVANC,2025-10-20 10:33:34.000,298.0,45800,13648400.0,Buy
ADVANC,2025-10-20 10:33:34.000,298.0,51400,15317200.0,Buy
ADVANC,2025-10-20 10:34:15.000,298.0,2,596.0,Odd
ADVANC,2025-10-20 10:34:35.000,298.0,8,2384.0,Odd
ADVANC,2025-10-20 10:34:37.000,298.0,3,894.0,Odd
ADVANC,2025-10-20 10:34:42.000,298.0,100,29800.0,Sell
ADVANC,2025-10-20 10:34:51.000,298.0,300,89400.0,Sell
ADVANC,2025-10-20 10:35:03.000,298.0,1500,447000.0,Sell
ADVANC,2025-10-20 10:36:11.000,298.0,1,298.0,Odd
ADVANC,2025-10-20 10:36:30.000,298.0,100,29800.0,Sell
ADVANC,2025-10-20 10:36:31.000,299.0,100,29900.0,Buy
ADVANC,2025-10-20 10:36:40.000,298.0,100,29800.0,Sell
ADVANC,2025-10-20 10:37:04.000,299.0,100,29900.0,Buy
ADVANC,2025-10-20 10:37:32.000,299.0,100,29900.0,Buy
ADVANC,2025-10-20 10:38:00.000,299.0,100,29900.0,Buy
ADVANC,2025-10-20 10:38:21.000,299.0,100,29900.0,Buy
ADVANC,2025-10-20 10:39:01.000,299.0,100,29900.0,Buy
ADVANC,2025-10-20 10:39:29.000,299.0,100,29900.0,Buy
ADVANC,2025-10-20 10:39:56.000,299.0,100,29900.0,Buy
ADVANC,2025-10-20 10:40:07.000,298.0,100,29800.0,Sell
ADVANC,2025-10-20 10:40:28.000,299.0,100,29900.0,Buy
ADVANC,2025-10-20 10:40:37.000,299.0,200,59800.0,Buy
ADVANC,2025-10-20 10:40:57.000,299.0,100,29900.0,Buy
ADVANC,2025-10-20 10:41:33.000,298.0,500,149000.0,Sell
ADVANC,2025-10-20 10:42:24.000,298.0,2000,596000.0,Sell
ADVANC,2025-10-20 10:42:29.000,298.0,2000,596000.0,Sell
ADVANC,2025-10-20 10:42:42.000,299.0,100,29900.0,Buy
ADVANC,2025-10-20 10:43:04.000,298.0,100,29800.0,Sell
ADVANC,2025-10-20 10:43:12.000,298.0,100,29800.0,Sell
ADVANC,2025-10-20 10:44:22.000,298.0,1000,298000.0,Sell
ADVANC,2025-10-20 10:44:34.000,298.0,300,89400.0,Sell
ADVANC,2025-10-20 10:45:30.000,298.0,1000,298000.0,Sell
ADVANC,2025-10-20 10:45:38.000,299.0,100,29900.0,Buy
ADVANC,2025-10-20 10:45:44.000,298.0,500,149000.0,Sell
ADVANC,2025-10-20 10:46:53.000,298.0,1000,298000.0,Sell
ADVANC,2025-10-20 10:47:05.000,298.0,300,89400.0,Sell
ADVANC,2025-10-20 10:47:19.000,298.0,900,268200.0,Sell
ADVANC,2025-10-20 10:48:05.000,298.0,2,596.0,Odd
ADVANC,2025-10-20 10:49:15.000,299.0,100,29900.0,Buy
ADVANC,2025-10-20 10:49:50.000,299.0,1,299.0,Odd
ADVANC,2025-10-20 10:49:52.000,298.0,300,89400.0,Sell
ADVANC,2025-10-20 10:51:37.000,299.0,100,29900.0,Buy
ADVANC,2025-10-20 10:52:56.000,298.0,100,29800.0,Sell
ADVANC,2025-10-20 10:53:06.000,298.0,200,59600.0,Sell
ADVANC,2025-10-20 10:53:06.000,298.0,100,29800.0,Sell
ADVANC,2025-10-20 10:53:57.000,298.0,100,29800.0,Sell
ADVANC,2025-10-20 10:54:00.000,299.0,100,29900.0,Buy
ADVANC,2025-10-20 10:54:30.000,299.0,100,29900.0,Buy
ADVANC,2025-10-20 10:55:09.000,299.0,10000,2990000.0,Buy
ADVANC,2025-10-20 10:56:06.000,298.0,300,89400.0,Sell
ADVANC,2025-10-20 10:57:37.000,298.0,2800,834400.0,Sell
ADVANC,2025-10-20 10:58:12.000,298.0,300,89400.0,Sell
ADVANC,2025-10-20 10:59:12.000,299.0,600,179400.0,Buy
ADVANC,2025-10-20 10:59:28.000,298.0,3000,894000.0,Sell
ADVANC,2025-10-20 10:59:47.000,299.0,400,119600.0,Buy
ADVANC,2025-10-20 11:00:11.000,298.0,300,89400.0,Sell
ADVANC,2025-10-20 11:00:48.000,298.0,300,89400.0,Sell
ADVANC,2025-10-20 11:00:54.000,298.0,1000,298000.0,Sell
ADVANC,2025-10-20 11:02:02.000,298.0,100,29800.0,Sell
ADVANC,2025-10-20 11:02:02.000,298.0,200,59600.0,Sell
ADVANC,2025-10-20 11:02:08.000,298.0,300,89400.0,Sell
ADVANC,2025-10-20 11:02:08.000,298.0,2000,596000.0,Sell
ADVANC,2025-10-20 11:02:32.000,299.0,300,89700.0,Buy
ADVANC,2025-10-20 11:02:35.000,298.0,7,2086.0,Odd
ADVANC,2025-10-20 11:02:35.000,298.0,3,894.0,Odd
ADVANC,2025-10-20 11:03:03.000,298.0,200,59600.0,Sell
ADVANC,2025-10-20 11:03:15.000,298.0,300,89400.0,Sell
ADVANC,2025-10-20 11:03:25.000,299.0,400,119600.0,Buy
ADVANC,2025-10-20 11:03:25.000,299.0,1000,299000.0,Buy
ADVANC,2025-10-20 11:03:25.000,299.0,100,29900.0,Buy
ADVANC,2025-10-20 11:03:25.000,299.0,300,89700.0,Buy
ADVANC,2025-10-20 11:03:25.000,299.0,600,179400.0,Buy
ADVANC,2025-10-20 11:03:25.000,299.0,1100,328900.0,Buy
ADVANC,2025-10-20 11:03:25.000,299.0,200,59800.0,Buy
ADVANC,2025-10-20 11:03:25.000,299.0,300,89700.0,Sell
ADVANC,2025-10-20 11:03:25.000,299.0,800,239200.0,Buy
ADVANC,2025-10-20 11:03:25.000,299.0,2000,598000.0,Buy
ADVANC,2025-10-20 11:03:25.000,299.0,500,149500.0,Buy
ADVANC,2025-10-20 11:03:25.000,299.0,700,209300.0,Buy
ADVANC,2025-10-20 11:03:25.000,299.0,900,269100.0,Buy
ADVANC,2025-10-20 11:03:25.000,299.0,2500,747500.0,Buy
ADVANC,2025-10-20 11:03:25.000,299.0,1200,358800.0,Buy
ADVANC,2025-10-20 11:03:25.000,299.0,1400,418600.0,Buy
ADVANC,2025-10-20 11:03:25.000,299.0,5500,1644500.0,Buy
ADVANC,2025-10-20 11:03:25.000,299.0,6700,2003300.0,Buy
ADVANC,2025-10-20 11:03:25.000,299.0,10900,3259100.0,Buy
ADVANC,2025-10-20 11:03:25.000,299.0,3000,897000.0,Buy
ADVANC,2025-10-20 11:03:25.000,299.0,6500,1943500.0,Buy
ADVANC,2025-10-20 11:03:25.000,299.0,8000,2392000.0,Buy
ADVANC,2025-10-20 11:03:25.000,299.0,11900,3558100.0,Sell
ADVANC,2025-10-20 11:03:25.000,299.0,4500,1345500.0,Buy
ADVANC,2025-10-20 11:03:25.000,299.0,7100,2122900.0,Buy
ADVANC,2025-10-20 11:03:25.000,299.0,8400,2511600.0,Buy
ADVANC,2025-10-20 11:03:25.000,299.0,20000,5980000.0,Buy
ADVANC,2025-10-20 11:03:25.000,299.0,5000,1495000.0,Buy
ADVANC,2025-10-20 11:03:25.000,299.0,9100,2720900.0,Buy
ADVANC,2025-10-20 11:03:25.000,299.0,10000,2990000.0,Buy
ADVANC,2025-10-20 11:03:25.000,299.0,30000,8970000.0,Buy
ADVANC,2025-10-20 11:03:25.000,299.0,18700,5591300.0,Buy
ADVANC,2025-10-20 11:03:25.000,299.0,31900,9538100.0,Buy
ADVANC,2025-10-20 11:03:26.000,299.0,3100,926900.0,Sell
ADVANC,2025-10-20 11:03:35.000,299.0,9000,2691000.0,Sell
ADVANC,2025-10-20 11:03:35.000,299.0,200,59800.0,Sell
ADVANC,2025-10-20 11:03:37.000,299.0,82,24518.0,Odd
ADVANC,2025-10-20 11:03:37.000,299.0,6,1794.0,Odd
ADVANC,2025-10-20 11:03:37.000,299.0,2,598.0,Odd
ADVANC,2025-10-20 11:03:39.000,299.0,10,2990.0,Odd
ADVANC,2025-10-20 11:03:44.000,299.0,10,2990.0,Odd
ADVANC,2025-10-20 11:03:44.000,299.0,1,299.0,Odd
ADVANC,2025-10-20 11:03:44.000,299.0,26,7774.0,Odd
ADVANC,2025-10-20 11:03:44.000,299.0,4,1196.0,Odd
ADVANC,2025-10-20 11:03:44.000,299.0,2,598.0,Odd
ADVANC,2025-10-20 11:03:44.000,299.0,5,1495.0,Odd
ADVANC,2025-10-20 11:03:44.000,299.0,20,5980.0,Odd
ADVANC,2025-10-20 11:03:46.000,299.0,4,1196.0,Odd
ADVANC,2025-10-20 11:03:46.000,299.0,6,1794.0,Odd
ADVANC,2025-10-20 11:03:48.000,299.0,300,89700.0,Sell
ADVANC,2025-10-20 11:04:11.000,300.0,300,90000.0,Buy
ADVANC,2025-10-20 11:04:11.000,300.0,100,30000.0,Buy
ADVANC,2025-10-20 11:04:13.000,298.0,1,298.0,Odd
ADVANC,2025-10-20 11:05:33.000,299.0,100,29900.0,Sell
ADVANC,2025-10-20 11:05:42.000,299.0,700,209300.0,Sell
ADVANC,2025-10-20 11:05:50.000,299.0,200,59800.0,Sell
ADVANC,2025-10-20 11:06:10.000,299.0,200,59800.0,Sell
ADVANC,2025-10-20 11:06:19.000,299.0,1,299.0,Odd
ADVANC,2025-10-20 11:06:37.000,299.0,100,29900.0,Sell
ADVANC,2025-10-20 11:07:00.000,300.0,300,90000.0,Buy
ADVANC,2025-10-20 11:07:24.000,299.0,1000,299000.0,Sell
ADVANC,2025-10-20 11:07:43.000,299.0,13,3887.0,Odd
ADVANC,2025-10-20 11:07:43.000,299.0,35,10465.0,Odd
ADVANC,2025-10-20 11:07:43.000,299.0,1,299.0,Odd
ADVANC,2025-10-20 11:07:43.000,299.0,5,1495.0,Odd
ADVANC,2025-10-20 11:07:43.000,299.0,10,2990.0,Odd
ADVANC,2025-10-20 11:08:51.000,299.0,100,29900.0,Sell
ADVANC,2025-10-20 11:09:07.000,299.0,100,29900.0,Sell
ADVANC,2025-10-20 11:09:12.000,299.0,100,29900.0,Sell
ADVANC,2025-10-20 11:09:41.000,299.0,100,29900.0,Sell
ADVANC,2025-10-20 11:09:45.000,300.0,100,30000.0,Buy
ADVANC,2025-10-20 11:09:52.000,300.0,300,90000.0,Buy
ADVANC,2025-10-20 11:10:30.000,300.0,100,30000.0,Buy
ADVANC,2025-10-20 11:11:01.000,299.0,800,239200.0,Sell
ADVANC,2025-10-20 11:11:16.000,300.0,100,30000.0,Buy
ADVANC,2025-10-20 11:11:27.000,300.0,300,90000.0,Buy
ADVANC,2025-10-20 11:11:41.000,300.0,400,120000.0,Buy
ADVANC,2025-10-20 11:11:42.000,300.0,100,30000.0,Buy
ADVANC,2025-10-20 11:11:43.000,299.0,100,29900.0,Sell
ADVANC,2025-10-20 11:12:04.000,300.0,100,30000.0,Buy
ADVANC,2025-10-20 11:12:45.000,300.0,400,120000.0,Buy
ADVANC,2025-10-20 11:12:45.000,300.0,100,30000.0,Buy
ADVANC,2025-10-20 11:12:46.000,300.0,1,300.0,Odd
ADVANC,2025-10-20 11:12:54.000,299.0,1,299.0,Odd
ADVANC,2025-10-20 11:12:56.000,300.0,100,30000.0,Buy
ADVANC,2025-10-20 11:13:06.000,299.0,5,1495.0,Odd
ADVANC,2025-10-20 11:13:19.000,300.0,1,300.0,Odd
ADVANC,2025-10-20 11:13:29.000,299.0,300,89700.0,Sell
ADVANC,2025-10-20 11:13:29.000,300.0,100,30000.0,Buy
ADVANC,2025-10-20 11:13:34.000,300.0,100,30000.0,Buy
ADVANC,2025-10-20 11:14:20.000,300.0,100,30000.0,Buy
ADVANC,2025-10-20 11:14:31.000,299.0,300,89700.0,Sell
ADVANC,2025-10-20 11:14:31.000,300.0,100,30000.0,Buy
ADVANC,2025-10-20 11:14:39.000,300.0,100,30000.0,Buy
ADVANC,2025-10-20 11:14:39.000,300.0,200,60000.0,Buy
ADVANC,2025-10-20 11:14:39.000,299.0,200,59800.0,Sell
ADVANC,2025-10-20 11:14:39.000,300.0,300,90000.0,Buy
ADVANC,2025-10-20 11:14:41.000,300.0,100,30000.0,Buy
ADVANC,2025-10-20 11:15:08.000,300.0,100,30000.0,Buy
ADVANC,2025-10-20 11:15:22.000,299.0,300,89700.0,Sell
ADVANC,2025-10-20 11:15:22.000,300.0,100,30000.0,Buy
ADVANC,2025-10-20 11:15:48.000,300.0,200,60000.0,Buy
ADVANC,2025-10-20 11:16:01.000,300.0,100,30000.0,Buy
ADVANC,2025-10-20 11:16:30.000,299.0,100,29900.0,Sell
ADVANC,2025-10-20 11:16:30.000,299.0,300,89700.0,Sell
ADVANC,2025-10-20 11:16:31.000,300.0,100,30000.0,Buy
ADVANC,2025-10-20 11:16:40.000,300.0,100,30000.0,Buy
ADVANC,2025-10-20 11:17:08.000,299.0,100,29900.0,Sell
ADVANC,2025-10-20 11:17:32.000,299.0,300,89700.0,Sell
ADVANC,2025-10-20 11:17:33.000,300.0,100,30000.0,Buy
ADVANC,2025-10-20 11:17:36.000,300.0,100,30000.0,Buy
ADVANC,2025-10-20 11:18:11.000,299.0,11,3289.0,Odd
ADVANC,2025-10-20 11:18:11.000,300.0,300,90000.0,Buy
ADVANC,2025-10-20 11:18:11.000,300.0,100,30000.0,Buy
ADVANC,2025-10-20 11:18:11.000,300.0,1300,390000.0,Buy
ADVANC,2025-10-20 11:18:18.000,300.0,300,90000.0,Buy
ADVANC,2025-10-20 11:18:31.000,300.0,100,30000.0,Buy
ADVANC,2025-10-20 11:18:32.000,299.0,300,89700.0,Sell
ADVANC,2025-10-20 11:19:17.000,299.0,300,89700.0,Sell
ADVANC,2025-10-20 11:19:18.000,300.0,100,30000.0,Buy
ADVANC,2025-10-20 11:19:19.000,300.0,100,30000.0,Buy
ADVANC,2025-10-20 11:19:44.000,299.0,300,89700.0,Sell
ADVANC,2025-10-20 11:19:51.000,300.0,100,30000.0,Buy
ADVANC,2025-10-20 11:19:51.000,300.0,2600,780000.0,Buy
ADVANC,2025-10-20 11:19:51.000,300.0,800,240000.0,Buy
ADVANC,2025-10-20 11:19:52.000,300.0,100,30000.0,Buy
ADVANC,2025-10-20 11:19:52.000,300.0,200,60000.0,Buy
ADVANC,2025-10-20 11:20:23.000,300.0,300,90000.0,Buy
ADVANC,2025-10-20 11:20:31.000,300.0,1,300.0,Odd
ADVANC,2025-10-20 11:20:31.000,300.0,100,30000.0,Buy
ADVANC,2025-10-20 11:20:31.000,300.0,300,90000.0,Buy
ADVANC,2025-10-20 11:20:40.000,300.0,100,30000.0,Buy
ADVANC,2025-10-20 11:20:52.000,299.0,300,89700.0,Sell
ADVANC,2025-10-20 11:20:53.000,300.0,1200,360000.0,Buy
ADVANC,2025-10-20 11:21:04.000,299.0,100,29900.0,Sell
ADVANC,2025-10-20 11:21:04.000,299.0,200,59800.0,Sell
ADVANC,2025-10-20 11:21:20.000,299.0,1,299.0,Odd
ADVANC,2025-10-20 11:21:20.000,299.0,6,1794.0,Odd
ADVANC,2025-10-20 11:21:32.000,300.0,100,30000.0,Buy
ADVANC,2025-10-20 11:21:46.000,300.0,300,90000.0,Buy
ADVANC,2025-10-20 11:21:58.000,299.0,300,89700.0,Sell
ADVANC,2025-10-20 11:22:10.000,300.0,800,240000.0,Buy
ADVANC,2025-10-20 11:22:15.000,299.0,200,59800.0,Sell
ADVANC,2025-10-20 11:22:21.000,300.0,3,900.0,Odd
ADVANC,2025-10-20 11:22:21.000,300.0,100,30000.0,Buy
ADVANC,2025-10-20 11:22:25.000,299.0,1800,538200.0,Sell
ADVANC,2025-10-20 11:22:25.000,299.0,100,29900.0,Sell
ADVANC,2025-10-20 11:22:27.000,299.0,19700,5890300.0,Sell
ADVANC,2025-10-20 11:22:27.000,299.0,9900,2960100.0,Sell
ADVANC,2025-10-20 11:22:28.000,299.0,1900,568100.0,Sell
ADVANC,2025-10-20 11:22:43.000,300.0,300,90000.0,Buy
ADVANC,2025-10-20 11:22:56.000,299.0,300,89700.0,Sell
ADVANC,2025-10-20 11:23:06.000,299.0,100,29900.0,Sell
ADVANC,2025-10-20 11:23:06.000,299.0,300,89700.0,Sell
ADVANC,2025-10-20 11:23:12.000,300.0,100,30000.0,Buy
ADVANC,2025-10-20 11:23:14.000,299.0,500,149500.0,Sell
ADVANC,2025-10-20 11:23:16.000,299.0,1000,299000.0,Sell
ADVANC,2025-10-20 11:23:39.000,300.0,2,600.0,Odd
ADVANC,2025-10-20 11:23:42.000,299.0,100,29900.0,Sell
ADVANC,2025-10-20 11:24:05.000,299.0,300,89700.0,Sell
ADVANC,2025-10-20 11:24:09.000,299.0,100,29900.0,Sell
ADVANC,2025-10-20 11:24:10.000,300.0,100,30000.0,Buy
ADVANC,2025-10-20 11:24:50.000,299.0,800,239200.0,Sell
ADVANC,2025-10-20 11:24:50.000,299.0,100,29900.0,Sell
ADVANC,2025-10-20 11:24:53.000,300.0,100,30000.0,Buy
ADVANC,2025-10-20 11:24:55.000,300.0,300,90000.0,Buy
ADVANC,2025-10-20 11:24:55.000,299.0,300,89700.0,Sell
ADVANC,2025-10-20 11:25:38.000,299.0,300,89700.0,Sell
ADVANC,2025-10-20 11:25:44.000,300.0,100,30000.0,Buy
ADVANC,2025-10-20 11:25:44.000,300.0,300,90000.0,Buy
ADVANC,2025-10-20 11:25:50.000,300.0,700,210000.0,Buy
ADVANC,2025-10-20 11:25:50.000,300.0,1000,300000.0,Buy
ADVANC,2025-10-20 11:25:50.000,300.0,200,60000.0,Buy
ADVANC,2025-10-20 11:25:50.000,300.0,4200,1260000.0,Buy
ADVANC,2025-10-20 11:25:50.000,300.0,900,270000.0,Buy
ADVANC,2025-10-20 11:26:36.000,300.0,100,30000.0,Buy
ADVANC,2025-10-20 11:27:15.000,300.0,400,120000.0,Buy
ADVANC,2025-10-20 11:27:17.000,300.0,300,90000.0,Buy
ADVANC,2025-10-20 11:27:28.000,300.0,100,30000.0,Buy
ADVANC,2025-10-20 11:27:58.000,299.0,17,5083.0,Odd
ADVANC,2025-10-20 11:28:21.000,300.0,100,30000.0,Buy
ADVANC,2025-10-20 11:29:14.000,300.0,100,30000.0,Buy
ADVANC,2025-10-20 11:29:27.000,299.0,300,89700.0,Sell
ADVANC,2025-10-20 11:29:27.000,300.0,300,90000.0,Buy
ADVANC,2025-10-20 11:29:30.000,300.0,100,30000.0,Buy
ADVANC,2025-10-20 11:30:08.000,300.0,100,30000.0,Buy
ADVANC,2025-10-20 11:30:20.000,299.0,300,89700.0,Sell
ADVANC,2025-10-20 11:30:26.000,299.0,100,29900.0,Sell
ADVANC,2025-10-20 11:30:39.000,299.0,300,89700.0,Sell
ADVANC,2025-10-20 11:30:43.000,299.0,100,29900.0,Sell
ADVANC,2025-10-20 11:30:55.000,299.0,4,1196.0,Odd
ADVANC,2025-10-20 11:30:58.000,300.0,100,30000.0,Buy
ADVANC,2025-10-20 11:31:19.000,299.0,300,89700.0,Sell
ADVANC,2025-10-20 11:31:31.000,299.0,300,89700.0,Sell
ADVANC,2025-10-20 11:31:31.000,300.0,300,90000.0,Buy
ADVANC,2025-10-20 11:31:36.000,300.0,500,150000.0,Buy
ADVANC,2025-10-20 11:31:47.000,300.0,300,90000.0,Buy
ADVANC,2025-10-20 11:31:48.000,299.0,1000,299000.0,Sell
ADVANC,2025-10-20 11:31:52.000,300.0,100,30000.0,Buy
ADVANC,2025-10-20 11:32:06.000,299.0,300,89700.0,Sell
ADVANC,2025-10-20 11:32:45.000,299.0,300,89700.0,Sell
ADVANC,2025-10-20 11:32:45.000,300.0,100,30000.0,Buy
ADVANC,2025-10-20 11:32:53.000,299.0,1,299.0,Odd
ADVANC,2025-10-20 11:33:07.000,299.0,100,29900.0,Sell
ADVANC,2025-10-20 11:33:21.000,299.0,300,89700.0,Sell
ADVANC,2025-10-20 11:33:38.000,300.0,100,30000.0,Buy
ADVANC,2025-10-20 11:33:49.000,299.0,300,89700.0,Sell
ADVANC,2025-10-20 11:33:49.000,300.0,300,90000.0,Buy
ADVANC,2025-10-20 11:33:59.000,299.0,300,89700.0,Sell
ADVANC,2025-10-20 11:33:59.000,300.0,300,90000.0,Buy
ADVANC,2025-10-20 11:34:23.000,300.0,700,210000.0,Buy
ADVANC,2025-10-20 11:34:28.000,300.0,100,30000.0,Buy
ADVANC,2025-10-20 11:34:43.000,299.0,300,89700.0,Sell
ADVANC,2025-10-20 11:34:49.000,299.0,1,299.0,Odd
ADVANC,2025-10-20 11:35:05.000,299.0,100,29900.0,Sell
ADVANC,2025-10-20 11:35:05.000,299.0,200,59800.0,Sell
ADVANC,2025-10-20 11:35:14.000,300.0,400,120000.0,Buy
ADVANC,2025-10-20 11:35:19.000,300.0,100,30000.0,Buy
ADVANC,2025-10-20 11:35:47.000,299.0,2,598.0,Odd
ADVANC,2025-10-20 11:36:12.000,300.0,100,30000.0,Buy
ADVANC,2025-10-20 11:36:22.000,299.0,300,89700.0,Sell
ADVANC,2025-10-20 11:36:40.000,299.0,200,59800.0,Sell
ADVANC,2025-10-20 11:36:45.000,300.0,300,90000.0,Buy
ADVANC,2025-10-20 11:37:06.000,300.0,100,30000.0,Buy
ADVANC,2025-10-20 11:37:20.000,299.0,200,59800.0,Sell
ADVANC,2025-10-20 11:37:28.000,299.0,2000,598000.0,Sell
ADVANC,2025-10-20 11:37:38.000,300.0,500,150000.0,Buy
ADVANC,2025-10-20 11:38:02.000,300.0,100,30000.0,Buy
ADVANC,2025-10-20 11:38:36.000,299.0,300,89700.0,Sell
ADVANC,2025-10-20 11:38:36.000,300.0,300,90000.0,Buy
ADVANC,2025-10-20 11:38:55.000,300.0,100,30000.0,Buy
ADVANC,2025-10-20 11:39:06.000,300.0,200,60000.0,Buy
ADVANC,2025-10-20 11:39:06.000,299.0,300,89700.0,Sell
ADVANC,2025-10-20 11:39:28.000,299.0,300,89700.0,Sell
ADVANC,2025-10-20 11:39:34.000,300.0,100,30000.0,Buy
ADVANC,2025-10-20 11:39:48.000,299.0,300,89700.0,Sell
ADVANC,2025-10-20 11:39:48.000,300.0,100,30000.0,Buy
ADVANC,2025-10-20 11:40:30.000,300.0,200,60000.0,Buy
ADVANC,2025-10-20 11:40:42.000,300.0,100,30000.0,Buy
ADVANC,2025-10-20 11:40:58.000,299.0,3,897.0,Odd
ADVANC,2025-10-20 11:40:58.000,299.0,2,598.0,Odd
ADVANC,2025-10-20 11:40:58.000,299.0,5,1495.0,Odd
ADVANC,2025-10-20 11:41:09.000,299.0,300,89700.0,Sell
ADVANC,2025-10-20 11:41:14.000,299.0,2000,598000.0,Sell
ADVANC,2025-10-20 11:41:21.000,299.0,300,89700.0,Sell
ADVANC,2025-10-20 11:41:36.000,300.0,100,30000.0,Buy
ADVANC,2025-10-20 11:41:37.000,299.0,1400,418600.0,Sell
ADVANC,2025-10-20 11:41:45.000,299.0,3000,897000.0,Sell
ADVANC,2025-10-20 11:42:03.000,299.0,100,29900.0,Sell
ADVANC,2025-10-20 11:42:34.000,300.0,100,30000.0,Buy
ADVANC,2025-10-20 11:42:37.000,299.0,300,89700.0,Sell
ADVANC,2025-10-20 11:42:47.000,299.0,300,89700.0,Sell
ADVANC,2025-10-20 11:42:47.000,300.0,500,150000.0,Buy
ADVANC,2025-10-20 11:42:57.000,299.0,300,89700.0,Sell
ADVANC,2025-10-20 11:43:01.000,300.0,300,90000.0,Buy
ADVANC,2025-10-20 11:43:03.000,299.0,200,59800.0,Sell
ADVANC,2025-10-20 11:43:23.000,300.0,100,30000.0,Buy
ADVANC,2025-10-20 11:43:47.000,299.0,300,89700.0,Sell
ADVANC,2025-10-20 11:44:04.000,299.0,100,29900.0,Sell
ADVANC,2025-10-20 11:44:16.000,300.0,100,30000.0,Buy
ADVANC,2025-10-20 11:44:40.000,299.0,300,89700.0,Sell
ADVANC,2025-10-20 11:44:44.000,299.0,100,29900.0,Sell
ADVANC,2025-10-20 11:45:04.000,300.0,300,90000.0,Buy
ADVANC,2025-10-20 11:45:06.000,299.0,300,89700.0,Sell
ADVANC,2025-10-20 11:45:12.000,300.0,100,30000.0,Buy
ADVANC,2025-10-20 11:45:19.000,300.0,300,90000.0,Buy
ADVANC,2025-10-20 11:45:20.000,299.0,2200,657800.0,Sell
ADVANC,2025-10-20 11:45:26.000,300.0,100,30000.0,Buy
ADVANC,2025-10-20 11:45:37.000,299.0,300,89700.0,Sell
ADVANC,2025-10-20 11:45:41.000,299.0,100,29900.0,Sell
ADVANC,2025-10-20 11:45:55.000,299.0,100,29900.0,Sell
ADVANC,2025-10-20 11:45:55.000,299.0,200,59800.0,Sell
ADVANC,2025-10-20 11:46:00.000,299.0,300,89700.0,Sell
ADVANC,2025-10-20 11:46:12.000,300.0,100,30000.0,Buy
ADVANC,2025-10-20 11:46:50.000,299.0,300,89700.0,Sell
ADVANC,2025-10-20 11:47:08.000,299.0,15,4485.0,Odd
ADVANC,2025-10-20 11:47:14.000,300.0,100,30000.0,Buy
ADVANC,2025-10-20 11:47:25.000,299.0,300,89700.0,Sell
ADVANC,2025-10-20 11:47:41.000,300.0,300,90000.0,Buy
ADVANC,2025-10-20 11:47:42.000,299.0,500,149500.0,Sell
ADVANC,2025-10-20 11:47:54.000,299.0,300,89700.0,Sell
ADVANC,2025-10-20 11:47:58.000,299.0,500,149500.0,Sell
ADVANC,2025-10-20 11:48:04.000,299.0,200,59800.0,Sell
ADVANC,2025-10-20 11:48:18.000,300.0,100,30000.0,Buy
ADVANC,2025-10-20 11:48:41.000,299.0,300,89700.0,Sell
ADVANC,2025-10-20 11:48:53.000,300.0,300,90000.0,Buy
ADVANC,2025-10-20 11:48:53.000,299.0,300,89700.0,Sell
ADVANC,2025-10-20 11:49:17.000,299.0,300,89700.0,Sell
ADVANC,2025-10-20 11:49:21.000,300.0,100,30000.0,Buy
ADVANC,2025-10-20 11:49:29.000,299.0,100,29900.0,Sell
ADVANC,2025-10-20 11:49:40.000,300.0,100,30000.0,Buy
ADVANC,2025-10-20 11:49:51.000,299.0,5,1495.0,Odd
ADVANC,2025-10-20 11:49:54.000,299.0,300,89700.0,Sell
ADVANC,2025-10-20 11:49:59.000,299.0,300,89700.0,Sell
ADVANC,2025-10-20 11:50:07.000,300.0,300,90000.0,Buy
ADVANC,2025-10-20 11:50:45.000,299.0,500,149500.0,Sell
ADVANC,2025-10-20 11:50:51.000,300.0,100,30000.0,Buy
ADVANC,2025-10-20 11:50:51.000,300.0,500,150000.0,Buy
ADVANC,2025-10-20 11:51:00.000,298.0,1,298.0,Odd
ADVANC,2025-10-20 11:51:14.000,299.0,300,89700.0,Sell
ADVANC,2025-10-20 11:51:26.000,299.0,300,89700.0,Sell
ADVANC,2025-10-20 11:51:50.000,299.0,300,89700.0,Sell
ADVANC,2025-10-20 11:51:52.000,300.0,100,30000.0,Buy
ADVANC,2025-10-20 11:52:15.000,300.0,300,90000.0,Buy
ADVANC,2025-10-20 11:52:23.000,300.0,100,30000.0,Buy
ADVANC,2025-10-20 11:52:31.000,299.0,300,89700.0,Sell
ADVANC,2025-10-20 11:52:54.000,300.0,100,30000.0,Buy
ADVANC,2025-10-20 11:53:17.000,299.0,300,89700.0,Sell
ADVANC,2025-10-20 11:53:25.000,299.0,200,59800.0,Sell
ADVANC,2025-10-20 11:53:27.000,300.0,100,30000.0,Buy
ADVANC,2025-10-20 11:53:53.000,300.0,100,30000.0,Buy
ADVANC,2025-10-20 11:53:59.000,300.0,100,30000.0,Buy
ADVANC,2025-10-20 11:54:08.000,300.0,400,120000.0,Buy
ADVANC,2025-10-20 11:54:12.000,299.0,300,89700.0,Sell
ADVANC,2025-10-20 11:54:16.000,299.0,500,149500.0,Sell
ADVANC,2025-10-20 11:54:30.000,300.0,100,30000.0,Buy
ADVANC,2025-10-20 11:54:49.000,299.0,200,59800.0,Sell
ADVANC,2025-10-20 11:54:51.000,300.0,300,90000.0,Buy
ADVANC,2025-10-20 11:55:08.000,299.0,300,89700.0,Sell
ADVANC,2025-10-20 11:55:08.000,300.0,100,30000.0,Buy
ADVANC,2025-10-20 11:55:19.000,299.0,300,89700.0,Sell
ADVANC,2025-10-20 11:55:37.000,300.0,300,90000.0,Buy
ADVANC,2025-10-20 11:55:49.000,300.0,300,90000.0,Buy
ADVANC,2025-10-20 11:55:55.000,299.0,300,89700.0,Sell
ADVANC,2025-10-20 11:55:57.000,299.0,100,29900.0,Sell
ADVANC,2025-10-20 11:56:02.000,300.0,100,30000.0,Buy
ADVANC,2025-10-20 11:56:15.000,299.0,300,89700.0,Sell
ADVANC,2025-10-20 11:56:26.000,299.0,600,179400.0,Sell
ADVANC,2025-10-20 11:56:26.000,299.0,200,59800.0,Sell
ADVANC,2025-10-20 11:56:26.000,299.0,19200,5740800.0,Sell
ADVANC,2025-10-20 11:56:45.000,299.0,100,29900.0,Sell
ADVANC,2025-10-20 11:56:48.000,300.0,100,30000.0,Buy
ADVANC,2025-10-20 11:57:13.000,299.0,100,29900.0,Sell
ADVANC,2025-10-20 11:57:13.000,299.0,300,89700.0,Sell
ADVANC,2025-10-20 11:57:13.000,299.0,200,59800.0,Sell
ADVANC,2025-10-20 11:57:14.000,299.0,300,89700.0,Sell
ADVANC,2025-10-20 11:57:18.000,299.0,100,29900.0,Sell
ADVANC,2025-10-20 11:57:36.000,300.0,200,60000.0,Buy
ADVANC,2025-10-20 11:57:42.000,299.0,100,29900.0,Sell
ADVANC,2025-10-20 11:58:15.000,299.0,100,29900.0,Sell
ADVANC,2025-10-20 11:58:15.000,299.0,200,59800.0,Sell
ADVANC,2025-10-20 11:58:23.000,300.0,300,90000.0,Buy
ADVANC,2025-10-20 11:58:31.000,299.0,200,59800.0,Sell
ADVANC,2025-10-20 11:58:35.000,300.0,100,30000.0,Buy
ADVANC,2025-10-20 11:58:55.000,300.0,500,150000.0,Buy
ADVANC,2025-10-20 11:59:08.000,299.0,300,89700.0,Sell
ADVANC,2025-10-20 11:59:08.000,300.0,300,90000.0,Buy
ADVANC,2025-10-20 11:59:10.000,299.0,200,59800.0,Sell
ADVANC,2025-10-20 11:59:20.000,299.0,100,29900.0,Sell
ADVANC,2025-10-20 11:59:20.000,299.0,200,59800.0,Sell
ADVANC,2025-10-20 11:59:20.000,300.0,100,30000.0,Buy
ADVANC,2025-10-20 11:59:27.000,300.0,400,120000.0,Buy
ADVANC,2025-10-20 11:59:44.000,300.0,100,30000.0,Buy
ADVANC,2025-10-20 12:00:04.000,299.0,300,89700.0,Sell
ADVANC,2025-10-20 12:00:04.000,299.0,500,149500.0,Sell
ADVANC,2025-10-20 12:00:12.000,299.0,300,89700.0,Sell
ADVANC,2025-10-20 12:00:34.000,299.0,300,89700.0,Sell
ADVANC,2025-10-20 12:00:48.000,300.0,300,90000.0,Buy
ADVANC,2025-10-20 12:00:59.000,299.0,100,29900.0,Sell
ADVANC,2025-10-20 12:01:08.000,299.0,300,89700.0,Sell
ADVANC,2025-10-20 12:01:23.000,299.0,700,209300.0,Sell
ADVANC,2025-10-20 12:01:24.000,300.0,100,30000.0,Buy
ADVANC,2025-10-20 12:01:56.000,299.0,500,149500.0,Sell
ADVANC,2025-10-20 12:01:57.000,300.0,100,30000.0,Buy
ADVANC,2025-10-20 12:02:10.000,299.0,200,59800.0,Sell
ADVANC,2025-10-20 12:02:10.000,300.0,100,30000.0,Buy
ADVANC,2025-10-20 12:02:10.000,299.0,300,89700.0,Sell
ADVANC,2025-10-20 12:02:10.000,299.0,100,29900.0,Sell
ADVANC,2025-10-20 12:02:22.000,299.0,300,89700.0,Sell
ADVANC,2025-10-20 12:03:04.000,299.0,900,269100.0,Sell
ADVANC,2025-10-20 12:03:15.000,299.0,300,89700.0,Sell
ADVANC,2025-10-20 12:03:31.000,299.0,500,149500.0,Sell
ADVANC,2025-10-20 12:04:05.000,299.0,300,89700.0,Sell
ADVANC,2025-10-20 12:04:09.000,299.0,2,598.0,Odd
ADVANC,2025-10-20 12:04:30.000,299.0,300,89700.0,Sell
ADVANC,2025-10-20 12:04:31.000,300.0,100,30000.0,Buy
ADVANC,2025-10-20 12:04:54.000,300.0,100,30000.0,Buy
ADVANC,2025-10-20 12:05:20.000,299.0,300,89700.0,Sell
ADVANC,2025-10-20 12:05:32.000,299.0,300,89700.0,Sell
ADVANC,2025-10-20 12:05:44.000,299.0,300,89700.0,Sell
ADVANC,2025-10-20 12:05:54.000,299.0,500,149500.0,Sell
ADVANC,2025-10-20 12:06:20.000,299.0,300,89700.0,Sell
ADVANC,2025-10-20 12:06:23.000,299.0,200,59800.0,Sell
ADVANC,2025-10-20 12:06:43.000,299.0,800,239200.0,Sell
ADVANC,2025-10-20 12:06:54.000,299.0,300,89700.0,Sell
ADVANC,2025-10-20 12:07:08.000,299.0,300,89700.0,Sell
ADVANC,2025-10-20 12:07:21.000,299.0,300,89700.0,Sell
ADVANC,2025-10-20 12:07:21.000,300.0,300,90000.0,Buy
ADVANC,2025-10-20 12:08:04.000,299.0,300,89700.0,Sell
ADVANC,2025-10-20 12:08:16.000,299.0,300,89700.0,Sell
ADVANC,2025-10-20 12:08:22.000,300.0,600,180000.0,Buy
ADVANC,2025-10-20 12:08:22.000,300.0,100,30000.0,Buy
ADVANC,2025-10-20 12:08:34.000,299.0,100,29900.0,Sell
ADVANC,2025-10-20 12:08:52.000,299.0,300,89700.0,Sell
ADVANC,2025-10-20 12:08:52.000,299.0,100,29900.0,Sell
ADVANC,2025-10-20 12:08:54.000,299.0,2000,598000.0,Sell
ADVANC,2025-10-20 12:08:54.000,299.0,4100,1225900.0,Sell
ADVANC,2025-10-20 12:08:54.000,299.0,5900,1764100.0,Sell
ADVANC,2025-10-20 12:08:56.000,299.0,100,29900.0,Sell
ADVANC,2025-10-20 12:09:03.000,299.0,100,29900.0,Sell
ADVANC,2025-10-20 12:09:10.000,299.0,300,89700.0,Sell
ADVANC,2025-10-20 12:09:22.000,299.0,300,89700.0,Sell
ADVANC,2025-10-20 12:09:48.000,299.0,800,239200.0,Sell
ADVANC,2025-10-20 12:09:57.000,299.0,100,29900.0,Sell
ADVANC,2025-10-20 12:10:10.000,300.0,100,30000.0,Buy
ADVANC,2025-10-20 12:10:23.000,299.0,300,89700.0,Sell
ADVANC,2025-10-20 12:10:28.000,299.0,300,89700.0,Sell
ADVANC,2025-10-20 12:10:41.000,299.0,30,8970.0,Odd
ADVANC,2025-10-20 12:10:54.000,299.0,100,29900.0,Sell
ADVANC,2025-10-20 12:10:54.000,299.0,300,89700.0,Sell
ADVANC,2025-10-20 12:11:12.000,299.0,100,29900.0,Sell
ADVANC,2025-10-20 12:11:25.000,299.0,300,89700.0,Sell
ADVANC,2025-10-20 12:11:25.000,300.0,300,90000.0,Buy
ADVANC,2025-10-20 12:11:26.000,299.0,100,29900.0,Sell
ADVANC,2025-10-20 12:11:41.000,299.0,300,89700.0,Sell
ADVANC,2025-10-20 12:11:54.000,299.0,3500,1046500.0,Sell
ADVANC,2025-10-20 12:12:18.000,299.0,2200,657800.0,Sell
ADVANC,2025-10-20 12:12:29.000,299.0,300,89700.0,Sell
ADVANC,2025-10-20 12:12:37.000,299.0,100,29900.0,Sell
ADVANC,2025-10-20 12:12:42.000,299.0,500,149500.0,Sell
ADVANC,2025-10-20 12:12:43.000,299.0,300,89700.0,Sell
ADVANC,2025-10-20 12:12:55.000,299.0,300,89700.0,Sell
ADVANC,2025-10-20 12:13:05.000,299.0,700,209300.0,Sell
ADVANC,2025-10-20 12:13:09.000,299.0,500,149500.0,Sell
ADVANC,2025-10-20 12:13:13.000,299.0,1000,299000.0,Sell
ADVANC,2025-10-20 12:13:37.000,299.0,300,89700.0,Sell
ADVANC,2025-10-20 12:14:02.000,299.0,2,598.0,Odd
ADVANC,2025-10-20 12:14:10.000,300.0,600,180000.0,Buy
ADVANC,2025-10-20 12:14:39.000,299.0,300,89700.0,Sell
ADVANC,2025-10-20 12:14:50.000,299.0,300,89700.0,Sell
ADVANC,2025-10-20 12:14:54.000,299.0,100,29900.0,Sell
ADVANC,2025-10-20 12:15:02.000,299.0,2000,598000.0,Sell
ADVANC,2025-10-20 12:15:15.000,299.0,300,89700.0,Sell
ADVANC,2025-10-20 12:15:32.000,299.0,100,29900.0,Sell
ADVANC,2025-10-20 12:15:45.000,299.0,300,89700.0,Sell
ADVANC,2025-10-20 12:15:58.000,299.0,700,209300.0,Sell
ADVANC,2025-10-20 12:16:24.000,299.0,300,89700.0,Sell
ADVANC,2025-10-20 12:16:51.000,299.0,300,89700.0,Sell
ADVANC,2025-10-20 12:17:23.000,299.0,200,59800.0,Sell
ADVANC,2025-10-20 12:17:51.000,299.0,100,29900.0,Sell
ADVANC,2025-10-20 12:18:02.000,299.0,100,29900.0,Sell
ADVANC,2025-10-20 12:18:05.000,299.0,300,89700.0,Sell
ADVANC,2025-10-20 12:18:44.000,299.0,900,269100.0,Sell
ADVANC,2025-10-20 12:18:48.000,299.0,100,29900.0,Sell
ADVANC,2025-10-20 12:19:09.000,299.0,300,89700.0,Sell
ADVANC,2025-10-20 12:19:14.000,299.0,100,29900.0,Sell
ADVANC,2025-10-20 12:19:14.000,299.0,300,89700.0,Sell
ADVANC,2025-10-20 12:19:16.000,299.0,200,59800.0,Sell
ADVANC,2025-10-20 12:19:18.000,299.0,100,29900.0,Sell
ADVANC,2025-10-20 12:19:23.000,300.0,100,30000.0,Buy
ADVANC,2025-10-20 12:20:11.000,299.0,200,59800.0,Sell
ADVANC,2025-10-20 12:20:11.000,299.0,300,89700.0,Sell
ADVANC,2025-10-20 12:20:12.000,299.0,100,29900.0,Sell
ADVANC,2025-10-20 12:20:42.000,299.0,200,59800.0,Sell
ADVANC,2025-10-20 12:20:56.000,299.0,100,29900.0,Sell
ADVANC,2025-10-20 12:21:02.000,299.0,4,1196.0,Odd
ADVANC,2025-10-20 12:21:02.000,299.0,8,2392.0,Odd
ADVANC,2025-10-20 12:21:22.000,299.0,300,89700.0,Sell
ADVANC,2025-10-20 12:21:38.000,299.0,3000,897000.0,Sell
ADVANC,2025-10-20 12:21:38.000,299.0,300,89700.0,Sell
ADVANC,2025-10-20 12:21:43.000,299.0,2000,598000.0,Sell
ADVANC,2025-10-20 12:21:53.000,299.0,1000,299000.0,Sell
ADVANC,2025-10-20 12:21:56.000,299.0,100,29900.0,Sell
ADVANC,2025-10-20 12:21:57.000,300.0,500,150000.0,Buy
ADVANC,2025-10-20 12:21:58.000,299.0,2,598.0,Odd
ADVANC,2025-10-20 12:22:27.000,300.0,7,2100.0,Odd
ADVANC,2025-10-20 12:22:27.000,299.0,1,299.0,Odd
ADVANC,2025-10-20 12:22:27.000,299.0,2,598.0,Odd
ADVANC,2025-10-20 12:22:31.000,299.0,800,239200.0,Sell
ADVANC,2025-10-20 12:22:41.000,299.0,300,89700.0,Sell
ADVANC,2025-10-20 12:22:53.000,299.0,300,89700.0,Sell
ADVANC,2025-10-20 12:23:14.000,299.0,100,29900.0,Sell
ADVANC,2025-10-20 12:23:28.000,300.0,100,30000.0,Buy
ADVANC,2025-10-20 12:23:32.000,299.0,300,89700.0,Sell
ADVANC,2025-10-20 12:23:32.000,300.0,800,240000.0,Buy
ADVANC,2025-10-20 12:23:33.000,300.0,600,180000.0,Buy
ADVANC,2025-10-20 12:23:35.000,300.0,800,240000.0,Buy
ADVANC,2025-10-20 12:24:12.000,299.0,100,29900.0,Sell
ADVANC,2025-10-20 12:24:22.000,299.0,300,89700.0,Sell
ADVANC,2025-10-20 12:24:58.000,299.0,300,89700.0,Sell
ADVANC,2025-10-20 12:25:17.000,299.0,300,89700.0,Sell
ADVANC,2025-10-20 12:25:45.000,299.0,100,29900.0,Sell
ADVANC,2025-10-20 12:25:45.000,300.0,200,60000.0,Buy
ADVANC,2025-10-20 12:25:50.000,300.0,600,180000.0,Buy
ADVANC,2025-10-20 12:26:07.000,299.0,300,89700.0,Sell
ADVANC,2025-10-20 12:26:14.000,299.0,100,29900.0,Sell
ADVANC,2025-10-20 12:26:15.000,299.0,800,239200.0,Sell
ADVANC,2025-10-20 12:26:32.000,299.0,100,29900.0,Sell
ADVANC,2025-10-20 12:26:46.000,299.0,100,29900.0,Sell
ADVANC,2025-10-20 12:26:54.000,299.0,100,29900.0,Sell
ADVANC,2025-10-20 12:27:01.000,299.0,300,89700.0,Sell
ADVANC,2025-10-20 12:27:12.000,299.0,100,29900.0,Sell
ADVANC,2025-10-20 12:27:34.000,299.0,100,29900.0,Sell
ADVANC,2025-10-20 12:27:37.000,299.0,100,29900.0,Sell
ADVANC,2025-10-20 12:27:52.000,299.0,100,29900.0,Sell
ADVANC,2025-10-20 12:28:01.000,299.0,300,89700.0,Sell
ADVANC,2025-10-20 12:28:14.000,299.0,100,29900.0,Sell
ADVANC,2025-10-20 12:28:16.000,299.0,100,29900.0,Sell
ADVANC,2025-10-20 12:28:32.000,299.0,100,29900.0,Sell
ADVANC,2025-10-20 12:28:35.000,299.0,200,59800.0,Sell
ADVANC,2025-10-20 12:28:51.000,299.0,300,89700.0,Sell
ADVANC,2025-10-20 12:28:54.000,299.0,100,29900.0,Sell
ADVANC,2025-10-20 12:29:05.000,299.0,500,149500.0,Sell
ADVANC,2025-10-20 12:29:09.000,299.0,300,89700.0,Sell
ADVANC,2025-10-20 12:29:09.000,299.0,500,149500.0,Sell
ADVANC,2025-10-20 12:29:10.000,299.0,1400,418600.0,Sell
ADVANC,2025-10-20 12:29:19.000,300.0,100,30000.0,Buy
ADVANC,2025-10-20 12:29:26.000,299.0,300,89700.0,Sell
ADVANC,2025-10-20 12:29:32.000,299.0,100,29900.0,Sell
ADVANC,2025-10-20 12:29:34.000,299.0,100,29900.0,Sell
ADVANC,2025-10-20 12:29:35.000,299.0,500,149500.0,Sell
ADVANC,2025-10-20 12:29:43.000,299.0,500,149500.0,Sell
ADVANC,2025-10-20 12:29:59.000,299.0,300,89700.0,Sell
ADVANC,2025-10-20 13:58:03.000,299.0,200,59800.0,Sell
ADVANC,2025-10-20 13:58:03.000,299.0,400,119600.0,Sell
ADVANC,2025-10-20 13:58:03.000,299.0,37000,11063000.0,OPEN2_E
ADVANC,2025-10-20 13:58:03.000,299.0,100,29900.0,Sell
ADVANC,2025-10-20 13:58:03.000,299.0,23000,6877000.0,Sell
ADVANC,2025-10-20 13:58:03.000,299.0,500,149500.0,Sell
ADVANC,2025-10-20 13:58:03.000,299.0,600,179400.0,Sell
ADVANC,2025-10-20 13:58:03.000,299.0,1000,299000.0,Sell
ADVANC,2025-10-20 13:58:03.000,299.0,1500,448500.0,Sell
ADVANC,2025-10-20 13:58:03.000,299.0,30000,8970000.0,Sell
ADVANC,2025-10-20 13:58:04.000,299.0,100,29900.0,Sell
ADVANC,2025-10-20 13:58:05.000,299.0,400,119600.0,Sell
ADVANC,2025-10-20 13:58:05.000,299.0,300,89700.0,Sell
ADVANC,2025-10-20 13:58:05.000,299.0,100,29900.0,Sell
ADVANC,2025-10-20 13:58:05.000,299.0,1700,508300.0,Sell
ADVANC,2025-10-20 13:58:05.000,299.0,1300,388700.0,Sell
ADVANC,2025-10-20 13:58:23.000,299.0,100,29900.0,Sell
ADVANC,2025-10-20 13:58:29.000,299.0,1500,448500.0,Sell
ADVANC,2025-10-20 13:58:31.000,299.0,400,119600.0,Sell
ADVANC,2025-10-20 13:58:31.000,299.0,200,59800.0,Sell
ADVANC,2025-10-20 13:58:31.000,299.0,100,29900.0,Sell
ADVANC,2025-10-20 13:58:31.000,299.0,2400,717600.0,Sell
ADVANC,2025-10-20 13:58:31.000,299.0,900,269100.0,Sell
ADVANC,2025-10-20 13:58:31.000,299.0,300,89700.0,Sell
ADVANC,2025-10-20 13:58:31.000,299.0,500,149500.0,Sell
ADVANC,2025-10-20 13:58:31.000,299.0,7100,2122900.0,Sell
ADVANC,2025-10-20 13:58:31.000,299.0,5100,1524900.0,Sell
ADVANC,2025-10-20 13:58:31.000,299.0,700,209300.0,Sell
ADVANC,2025-10-20 13:58:31.000,299.0,1100,328900.0,Sell
ADVANC,2025-10-20 13:58:31.000,299.0,10000,2990000.0,Sell
ADVANC,2025-10-20 13:58:31.000,299.0,12000,3588000.0,Sell
ADVANC,2025-10-20 13:58:31.000,299.0,1600,478400.0,Sell
ADVANC,2025-10-20 13:58:31.000,299.0,2200,657800.0,Sell
ADVANC,2025-10-20 13:58:31.000,299.0,15900,4754100.0,Sell
ADVANC,2025-10-20 13:58:31.000,299.0,4300,1285700.0,Sell
ADVANC,2025-10-20 13:58:31.000,299.0,4800,1435200.0,Sell
ADVANC,2025-10-20 13:58:46.000,298.0,200,59600.0,Sell
ADVANC,2025-10-20 13:58:58.000,298.0,300,89400.0,Sell
ADVANC,2025-10-20 13:59:09.000,298.0,300,89400.0,Sell
ADVANC,2025-10-20 13:59:26.000,298.0,300,89400.0,Sell
ADVANC,2025-10-20 13:59:38.000,299.0,300,89700.0,Buy
ADVANC,2025-10-20 13:59:49.000,298.0,300,89400.0,Sell
ADVANC,2025-10-20 14:00:22.000,298.0,300,89400.0,Sell
ADVANC,2025-10-20 14:00:28.000,299.0,3,897.0,Odd
ADVANC,2025-10-20 14:00:33.000,298.0,200,59600.0,Sell
ADVANC,2025-10-20 14:00:34.000,298.0,300,89400.0,Sell
ADVANC,2025-10-20 14:01:04.000,298.0,300,89400.0,Sell
ADVANC,2025-10-20 14:01:16.000,298.0,300,89400.0,Sell
ADVANC,2025-10-20 14:01:29.000,298.0,300,89400.0,Sell
ADVANC,2025-10-20 14:01:55.000,299.0,300,89700.0,Buy
ADVANC,2025-10-20 14:02:07.000,298.0,300,89400.0,Sell
ADVANC,2025-10-20 14:02:33.000,298.0,300,89400.0,Sell
ADVANC,2025-10-20 14:02:41.000,298.0,300,89400.0,Sell
ADVANC,2025-10-20 14:03:07.000,298.0,100,29800.0,Sell
ADVANC,2025-10-20 14:03:07.000,298.0,200,59600.0,Sell
ADVANC,2025-10-20 14:03:45.000,298.0,300,89400.0,Sell
ADVANC,2025-10-20 14:03:47.000,298.0,1,298.0,Odd
ADVANC,2025-10-20 14:03:47.000,298.0,21,6258.0,Odd
ADVANC,2025-10-20 14:03:57.000,298.0,300,89400.0,Sell
ADVANC,2025-10-20 14:04:09.000,298.0,300,89400.0,Sell
ADVANC,2025-10-20 14:04:41.000,298.0,300,89400.0,Sell
ADVANC,2025-10-20 14:04:43.000,298.0,200,59600.0,Sell
ADVANC,2025-10-20 14:04:56.000,298.0,300,89400.0,Sell
ADVANC,2025-10-20 14:04:56.000,299.0,300,89700.0,Buy
ADVANC,2025-10-20 14:05:06.000,298.0,300,89400.0,Sell
ADVANC,2025-10-20 14:05:30.000,299.0,100,29900.0,Buy
ADVANC,2025-10-20 14:05:37.000,298.0,300,89400.0,Sell
ADVANC,2025-10-20 14:05:37.000,298.0,100,29800.0,Sell
ADVANC,2025-10-20 14:05:37.000,298.0,200,59600.0,Sell
ADVANC,2025-10-20 14:05:51.000,298.0,300,89400.0,Sell
ADVANC,2025-10-20 14:06:12.000,298.0,300,89400.0,Sell
ADVANC,2025-10-20 14:06:27.000,298.0,300,89400.0,Sell
ADVANC,2025-10-20 14:06:57.000,298.0,300,89400.0,Sell
ADVANC,2025-10-20 14:06:59.000,298.0,300,89400.0,Sell
ADVANC,2025-10-20 14:07:16.000,298.0,300,89400.0,Sell
ADVANC,2025-10-20 14:07:30.000,299.0,300,89700.0,Buy
ADVANC,2025-10-20 14:08:05.000,298.0,300,89400.0,Sell
ADVANC,2025-10-20 14:08:10.000,298.0,300,89400.0,Sell
ADVANC,2025-10-20 14:08:23.000,298.0,300,89400.0,Sell
ADVANC,2025-10-20 14:08:54.000,298.0,300,89400.0,Sell
ADVANC,2025-10-20 14:09:15.000,298.0,300,89400.0,Sell
ADVANC,2025-10-20 14:09:42.000,298.0,300,89400.0,Sell
ADVANC,2025-10-20 14:09:47.000,299.0,200,59800.0,Buy
ADVANC,2025-10-20 14:09:49.000,298.0,300,89400.0,Sell
ADVANC,2025-10-20 14:10:20.000,299.0,300,89700.0,Buy
ADVANC,2025-10-20 14:10:27.000,298.0,300,89400.0,Sell
ADVANC,2025-10-20 14:11:30.000,298.0,100,29800.0,Sell
ADVANC,2025-10-20 14:11:48.000,298.0,300,89400.0,Sell
ADVANC,2025-10-20 14:11:57.000,298.0,300,89400.0,Sell
ADVANC,2025-10-20 14:13:09.000,298.0,300,89400.0,Sell
ADVANC,2025-10-20 14:13:31.000,298.0,300,89400.0,Sell
ADVANC,2025-10-20 14:13:47.000,298.0,300,89400.0,Sell
ADVANC,2025-10-20 14:14:21.000,298.0,300,89400.0,Sell
ADVANC,2025-10-20 14:14:48.000,298.0,300,89400.0,Sell
ADVANC,2025-10-20 14:14:54.000,298.0,2000,596000.0,Sell
ADVANC,2025-10-20 14:15:04.000,298.0,300,89400.0,Sell
ADVANC,2025-10-20 14:15:05.000,298.0,4300,1281400.0,Sell
ADVANC,2025-10-20 14:15:06.000,298.0,300,89400.0,Sell
ADVANC,2025-10-20 14:15:30.000,298.0,300,89400.0,Sell
ADVANC,2025-10-20 14:15:44.000,298.0,300,89400.0,Sell
ADVANC,2025-10-20 14:16:09.000,298.0,300,89400.0,Sell
ADVANC,2025-10-20 14:16:15.000,299.0,300,89700.0,Buy
ADVANC,2025-10-20 14:16:26.000,298.0,300,89400.0,Sell
ADVANC,2025-10-20 14:16:34.000,298.0,300,89400.0,Sell
ADVANC,2025-10-20 14:17:04.000,298.0,300,89400.0,Sell
ADVANC,2025-10-20 14:17:17.000,298.0,300,89400.0,Sell
ADVANC,2025-10-20 14:17:36.000,298.0,300,89400.0,Sell
ADVANC,2025-10-20 14:17:47.000,298.0,300,89400.0,Sell
ADVANC,2025-10-20 14:18:13.000,298.0,800,238400.0,Sell
ADVANC,2025-10-20 14:18:24.000,298.0,300,89400.0,Sell
ADVANC,2025-10-20 14:18:24.000,299.0,300,89700.0,Buy
ADVANC,2025-10-20 14:18:37.000,298.0,300,89400.0,Sell
ADVANC,2025-10-20 14:18:46.000,298.0,100,29800.0,Sell
ADVANC,2025-10-20 14:19:01.000,298.0,1,298.0,Odd
ADVANC,2025-10-20 14:19:10.000,298.0,300,89400.0,Sell
ADVANC,2025-10-20 14:19:22.000,298.0,200,59600.0,Sell
ADVANC,2025-10-20 14:19:24.000,298.0,100,29800.0,Sell
ADVANC,2025-10-20 14:19:35.000,298.0,300,89400.0,Sell
ADVANC,2025-10-20 14:19:41.000,298.0,2000,596000.0,Sell
ADVANC,2025-10-20 14:19:43.000,298.0,300,89400.0,Sell
ADVANC,2025-10-20 14:19:55.000,298.0,500,149000.0,Sell
ADVANC,2025-10-20 14:20:28.000,298.0,300,89400.0,Sell
ADVANC,2025-10-20 14:20:30.000,299.0,300,89700.0,Buy
ADVANC,2025-10-20 14:20:41.000,298.0,300,89400.0,Sell
ADVANC,2025-10-20 14:20:58.000,298.0,3,894.0,Odd
ADVANC,2025-10-20 14:21:01.000,298.0,300,89400.0,Sell
ADVANC,2025-10-20 14:21:10.000,298.0,300,89400.0,Sell
ADVANC,2025-10-20 14:21:10.000,298.0,3000,894000.0,Sell
ADVANC,2025-10-20 14:21:12.000,298.0,200,59600.0,Sell
ADVANC,2025-10-20 14:21:12.000,298.0,100,29800.0,Sell
ADVANC,2025-10-20 14:21:18.000,298.0,3000,894000.0,Sell
ADVANC,2025-10-20 14:21:19.000,298.0,2700,804600.0,Sell
ADVANC,2025-10-20 14:21:24.000,298.0,100,29800.0,Sell
ADVANC,2025-10-20 14:21:30.000,298.0,300,89400.0,Sell
ADVANC,2025-10-20 14:21:37.000,298.0,300,89400.0,Sell
ADVANC,2025-10-20 14:21:52.000,298.0,300,89400.0,Sell
ADVANC,2025-10-20 14:22:13.000,298.0,300,89400.0,Sell
ADVANC,2025-10-20 14:22:30.000,298.0,300,89400.0,Sell
ADVANC,2025-10-20 14:22:30.000,299.0,300,89700.0,Buy
ADVANC,2025-10-20 14:22:36.000,298.0,300,89400.0,Sell
ADVANC,2025-10-20 14:22:49.000,298.0,300,89400.0,Sell
ADVANC,2025-10-20 14:22:54.000,298.0,900,268200.0,Sell
ADVANC,2025-10-20 14:23:30.000,298.0,300,89400.0,Sell
ADVANC,2025-10-20 14:23:35.000,298.0,100,29800.0,Sell
ADVANC,2025-10-20 14:23:41.000,298.0,300,89400.0,Sell
ADVANC,2025-10-20 14:23:50.000,298.0,300,89400.0,Sell
ADVANC,2025-10-20 14:24:03.000,298.0,300,89400.0,Sell
ADVANC,2025-10-20 14:24:04.000,298.0,100,29800.0,Sell
ADVANC,2025-10-20 14:24:26.000,298.0,4600,1370800.0,Sell
ADVANC,2025-10-20 14:24:40.000,298.0,200,59600.0,Sell
ADVANC,2025-10-20 14:24:40.000,299.0,100,29900.0,Buy
ADVANC,2025-10-20 14:24:40.000,299.0,200,59800.0,Buy
ADVANC,2025-10-20 14:24:53.000,298.0,300,89400.0,Sell
ADVANC,2025-10-20 14:25:05.000,298.0,300,89400.0,Sell
ADVANC,2025-10-20 14:25:20.000,298.0,200,59600.0,Sell
ADVANC,2025-10-20 14:25:35.000,298.0,300,89400.0,Sell
ADVANC,2025-10-20 14:25:37.000,298.0,300,89400.0,Sell
ADVANC,2025-10-20 14:25:40.000,298.0,100,29800.0,Sell
ADVANC,2025-10-20 14:25:51.000,298.0,100,29800.0,Sell
ADVANC,2025-10-20 14:25:52.000,298.0,300,89400.0,Sell
ADVANC,2025-10-20 14:26:04.000,298.0,300,89400.0,Sell
ADVANC,2025-10-20 14:26:15.000,298.0,1,298.0,Odd
ADVANC,2025-10-20 14:26:16.000,298.0,300,89400.0,Sell
ADVANC,2025-10-20 14:26:29.000,299.0,300,89700.0,Buy
ADVANC,2025-10-20 14:26:51.000,298.0,300,89400.0,Sell
ADVANC,2025-10-20 14:26:56.000,298.0,300,89400.0,Sell
ADVANC,2025-10-20 14:26:58.000,298.0,300,89400.0,Sell
ADVANC,2025-10-20 14:27:11.000,298.0,1000,298000.0,Sell
ADVANC,2025-10-20 14:27:16.000,298.0,300,89400.0,Sell
ADVANC,2025-10-20 14:27:25.000,298.0,300,89400.0,Sell
ADVANC,2025-10-20 14:27:40.000,298.0,100,29800.0,Sell
ADVANC,2025-10-20 14:28:01.000,298.0,300,89400.0,Sell
ADVANC,2025-10-20 14:28:02.000,298.0,300,89400.0,Sell
ADVANC,2025-10-20 14:28:03.000,298.0,200,59600.0,Sell
ADVANC,2025-10-20 14:28:03.000,298.0,100,29800.0,Sell
ADVANC,2025-10-20 14:28:16.000,298.0,100,29800.0,Sell
ADVANC,2025-10-20 14:28:30.000,298.0,900,268200.0,Sell
ADVANC,2025-10-20 14:28:30.000,299.0,300,89700.0,Buy
ADVANC,2025-10-20 14:28:38.000,298.0,300,89400.0,Sell
ADVANC,2025-10-20 14:28:57.000,298.0,300,89400.0,Sell
ADVANC,2025-10-20 14:29:05.000,298.0,300,89400.0,Sell
ADVANC,2025-10-20 14:29:14.000,298.0,300,89400.0,Sell
ADVANC,2025-10-20 14:29:55.000,298.0,300,89400.0,Sell
ADVANC,2025-10-20 14:30:00.000,298.0,300,89400.0,Sell
ADVANC,2025-10-20 14:30:00.000,298.0,100,29800.0,Sell
ADVANC,2025-10-20 14:30:12.000,298.0,300,89400.0,Sell
ADVANC,2025-10-20 14:30:23.000,298.0,2000,596000.0,Sell
ADVANC,2025-10-20 14:30:40.000,299.0,300,89700.0,Buy
ADVANC,2025-10-20 14:30:42.000,298.0,300,89400.0,Sell
ADVANC,2025-10-20 14:30:50.000,298.0,300,89400.0,Sell
ADVANC,2025-10-20 14:30:50.000,298.0,100,29800.0,Sell
ADVANC,2025-10-20 14:30:56.000,298.0,100,29800.0,Sell
ADVANC,2025-10-20 14:31:38.000,298.0,300,89400.0,Sell
ADVANC,2025-10-20 14:31:45.000,299.0,100,29900.0,Buy
ADVANC,2025-10-20 14:31:45.000,298.0,300,89400.0,Sell
ADVANC,2025-10-20 14:32:02.000,298.0,300,89400.0,Sell
ADVANC,2025-10-20 14:32:15.000,298.0,300,89400.0,Sell
ADVANC,2025-10-20 14:32:39.000,298.0,300,89400.0,Sell
ADVANC,2025-10-20 14:32:56.000,298.0,100,29800.0,Sell
ADVANC,2025-10-20 14:33:15.000,298.0,300,89400.0,Sell
ADVANC,2025-10-20 14:33:30.000,299.0,800,239200.0,Buy
ADVANC,2025-10-20 14:33:33.000,298.0,100,29800.0,Sell
ADVANC,2025-10-20 14:33:38.000,298.0,100,29800.0,Sell
ADVANC,2025-10-20 14:33:41.000,298.0,300,89400.0,Sell
ADVANC,2025-10-20 14:33:55.000,298.0,1000,298000.0,Sell
ADVANC,2025-10-20 14:34:18.000,298.0,300,89400.0,Sell
ADVANC,2025-10-20 14:34:29.000,298.0,300,89400.0,Sell
ADVANC,2025-10-20 14:34:29.000,299.0,300,89700.0,Buy
ADVANC,2025-10-20 14:34:33.000,298.0,800,238400.0,Sell
ADVANC,2025-10-20 14:34:49.000,298.0,100,29800.0,Sell
ADVANC,2025-10-20 14:34:55.000,298.0,300,89400.0,Sell
ADVANC,2025-10-20 14:34:57.000,298.0,2,596.0,Odd
ADVANC,2025-10-20 14:34:57.000,298.0,1,298.0,Odd
ADVANC,2025-10-20 14:34:57.000,298.0,3,894.0,Odd
ADVANC,2025-10-20 14:34:57.000,298.0,4,1192.0,Odd
ADVANC,2025-10-20 14:35:36.000,298.0,200,59600.0,Sell
ADVANC,2025-10-20 14:36:07.000,298.0,300,89400.0,Sell
ADVANC,2025-10-20 14:36:30.000,298.0,1,298.0,Odd
ADVANC,2025-10-20 14:36:30.000,298.0,9,2682.0,Odd
ADVANC,2025-10-20 14:36:30.000,298.0,2,596.0,Odd
ADVANC,2025-10-20 14:36:30.000,298.0,20,5960.0,Odd
ADVANC,2025-10-20 14:36:34.000,298.0,300,89400.0,Sell
ADVANC,2025-10-20 14:37:29.000,298.0,200,59600.0,Sell
ADVANC,2025-10-20 14:37:33.000,298.0,100,29800.0,Sell
ADVANC,2025-10-20 14:37:39.000,298.0,200,59600.0,Sell
ADVANC,2025-10-20 14:37:39.000,298.0,100,29800.0,Sell
ADVANC,2025-10-20 14:38:00.000,298.0,15,4470.0,Odd
ADVANC,2025-10-20 14:38:08.000,298.0,200,59600.0,Sell
ADVANC,2025-10-20 14:38:26.000,298.0,100,29800.0,Sell
ADVANC,2025-10-20 14:38:37.000,298.0,3800,1132400.0,Sell
ADVANC,2025-10-20 14:38:37.000,298.0,100,29800.0,Sell
ADVANC,2025-10-20 14:38:37.000,298.0,300,89400.0,Sell
ADVANC,2025-10-20 14:38:37.000,298.0,200,59600.0,Sell
ADVANC,2025-10-20 14:38:37.000,298.0,800,238400.0,Sell
ADVANC,2025-10-20 14:38:50.000,298.0,300,89400.0,Sell
ADVANC,2025-10-20 14:39:15.000,298.0,300,89400.0,Sell
ADVANC,2025-10-20 14:39:28.000,298.0,500,149000.0,Sell
ADVANC,2025-10-20 14:39:33.000,298.0,100,29800.0,Sell
ADVANC,2025-10-20 14:39:56.000,298.0,200,59600.0,Sell
ADVANC,2025-10-20 14:39:56.000,298.0,300,89400.0,Sell
ADVANC,2025-10-20 14:40:03.000,297.0,1,297.0,Odd
ADVANC,2025-10-20 14:40:10.000,298.0,300,89400.0,Sell
ADVANC,2025-10-20 14:40:22.000,298.0,300,89400.0,Sell
ADVANC,2025-10-20 14:40:24.000,298.0,900,268200.0,Sell
ADVANC,2025-10-20 14:40:32.000,299.0,900,269100.0,Buy
ADVANC,2025-10-20 14:41:23.000,298.0,300,89400.0,Sell
ADVANC,2025-10-20 14:41:24.000,298.0,60,17880.0,Odd
ADVANC,2025-10-20 14:41:24.000,298.0,4,1192.0,Odd
ADVANC,2025-10-20 14:41:24.000,298.0,17,5066.0,Odd
ADVANC,2025-10-20 14:41:35.000,298.0,1,298.0,Odd
ADVANC,2025-10-20 14:41:45.000,299.0,300,89700.0,Buy
ADVANC,2025-10-20 14:41:56.000,298.0,300,89400.0,Sell
ADVANC,2025-10-20 14:42:27.000,298.0,300,89400.0,Sell
ADVANC,2025-10-20 14:42:44.000,298.0,300,89400.0,Sell
ADVANC,2025-10-20 14:42:58.000,298.0,100,29800.0,Sell
ADVANC,2025-10-20 14:43:30.000,298.0,300,89400.0,Sell
ADVANC,2025-10-20 14:43:41.000,298.0,6,1788.0,Odd
ADVANC,2025-10-20 14:44:02.000,298.0,300,89400.0,Sell
ADVANC,2025-10-20 14:44:15.000,298.0,300,89400.0,Sell
ADVANC,2025-10-20 14:44:38.000,298.0,300,89400.0,Sell
ADVANC,2025-10-20 14:44:44.000,298.0,200,59600.0,Sell
ADVANC,2025-10-20 14:44:58.000,298.0,100,29800.0,Sell
ADVANC,2025-10-20 14:45:28.000,298.0,300,89400.0,Sell
ADVANC,2025-10-20 14:45:33.000,298.0,100,29800.0,Sell
ADVANC,2025-10-20 14:45:40.000,298.0,300,89400.0,Sell
ADVANC,2025-10-20 14:46:09.000,299.0,10,2990.0,Odd
ADVANC,2025-10-20 14:46:09.000,299.0,2,598.0,Odd
ADVANC,2025-10-20 14:46:16.000,299.0,300,89700.0,Buy
ADVANC,2025-10-20 14:46:41.000,298.0,300,89400.0,Sell
ADVANC,2025-10-20 14:46:54.000,298.0,300,89400.0,Sell
ADVANC,2025-10-20 14:47:13.000,298.0,100,29800.0,Sell
ADVANC,2025-10-20 14:47:21.000,298.0,300,89400.0,Sell
ADVANC,2025-10-20 14:47:24.000,298.0,300,89400.0,Sell
ADVANC,2025-10-20 14:47:27.000,298.0,800,238400.0,Sell
ADVANC,2025-10-20 14:47:57.000,298.0,300,89400.0,Sell
ADVANC,2025-10-20 14:48:27.000,298.0,300,89400.0,Sell
ADVANC,2025-10-20 14:48:55.000,297.0,9,2673.0,Odd
ADVANC,2025-10-20 14:48:55.000,298.0,5,1490.0,Odd
ADVANC,2025-10-20 14:48:55.000,297.0,35,10395.0,Odd
ADVANC,2025-10-20 14:48:55.000,298.0,1,298.0,Odd
ADVANC,2025-10-20 14:48:58.000,298.0,100,29800.0,Sell
ADVANC,2025-10-20 14:49:05.000,299.0,900,269100.0,Buy
ADVANC,2025-10-20 14:49:12.000,298.0,300,89400.0,Sell
ADVANC,2025-10-20 14:49:13.000,298.0,300,89400.0,Sell
ADVANC,2025-10-20 14:49:56.000,298.0,300,89400.0,Sell
ADVANC,2025-10-20 14:49:57.000,298.0,3000,894000.0,Sell
ADVANC,2025-10-20 14:50:26.000,299.0,10,2990.0,Odd
ADVANC,2025-10-20 14:50:28.000,298.0,300,89400.0,Sell
ADVANC,2025-10-20 14:50:53.000,298.0,100,29800.0,Sell
ADVANC,2025-10-20 14:50:53.000,298.0,1600,476800.0,Sell
ADVANC,2025-10-20 14:50:53.000,298.0,1100,327800.0,Sell
ADVANC,2025-10-20 14:51:24.000,299.0,300,89700.0,Buy
ADVANC,2025-10-20 14:51:35.000,298.0,300,89400.0,Sell
ADVANC,2025-10-20 14:51:42.000,298.0,300,89400.0,Sell
ADVANC,2025-10-20 14:52:16.000,298.0,300,89400.0,Sell
ADVANC,2025-10-20 14:52:53.000,298.0,300,89400.0,Sell
ADVANC,2025-10-20 14:52:53.000,298.0,1,298.0,Odd
ADVANC,2025-10-20 14:53:13.000,298.0,100,29800.0,Sell
ADVANC,2025-10-20 14:53:44.000,298.0,300,89400.0,Sell
ADVANC,2025-10-20 14:53:58.000,298.0,800,238400.0,Sell
ADVANC,2025-10-20 14:54:11.000,298.0,300,89400.0,Sell
ADVANC,2025-10-20 14:54:14.000,298.0,2,596.0,Odd
ADVANC,2025-10-20 14:54:58.000,298.0,100,29800.0,Sell
ADVANC,2025-10-20 14:55:19.000,298.0,300,89400.0,Sell
ADVANC,2025-10-20 14:55:31.000,298.0,300,89400.0,Sell
ADVANC,2025-10-20 14:55:41.000,298.0,300,89400.0,Sell
ADVANC,2025-10-20 14:55:57.000,298.0,300,89400.0,Sell
ADVANC,2025-10-20 14:56:18.000,298.0,300,89400.0,Sell
ADVANC,2025-10-20 14:56:46.000,299.0,300,89700.0,Buy
ADVANC,2025-10-20 14:56:46.000,298.0,300,89400.0,Sell
ADVANC,2025-10-20 14:57:23.000,298.0,200,59600.0,Sell
ADVANC,2025-10-20 14:57:26.000,299.0,600,179400.0,Buy
ADVANC,2025-10-20 14:57:33.000,298.0,100,29800.0,Sell
ADVANC,2025-10-20 14:57:44.000,298.0,300,89400.0,Sell
ADVANC,2025-10-20 14:57:45.000,298.0,100,29800.0,Sell
ADVANC,2025-10-20 14:57:45.000,298.0,2200,655600.0,Sell
ADVANC,2025-10-20 14:57:45.000,298.0,2600,774800.0,Sell
ADVANC,2025-10-20 14:57:57.000,298.0,200,59600.0,Sell
ADVANC,2025-10-20 14:58:01.000,298.0,300,89400.0,Sell
ADVANC,2025-10-20 14:58:01.000,299.0,900,269100.0,Buy
ADVANC,2025-10-20 14:59:05.000,299.0,400,119600.0,Buy
ADVANC,2025-10-20 14:59:14.000,298.0,300,89400.0,Sell
ADVANC,2025-10-20 14:59:29.000,298.0,300,89400.0,Sell
ADVANC,2025-10-20 14:59:58.000,298.0,300,89400.0,Sell
ADVANC,2025-10-20 14:59:58.000,298.0,100,29800.0,Sell
ADVANC,2025-10-20 15:00:10.000,298.0,600,178800.0,Sell
ADVANC,2025-10-20 15:00:19.000,298.0,15,4470.0,Odd
ADVANC,2025-10-20 15:00:19.000,298.0,2,596.0,Odd
ADVANC,2025-10-20 15:00:19.000,298.0,30,8940.0,Odd
ADVANC,2025-10-20 15:00:19.000,298.0,50,14900.0,Odd
ADVANC,2025-10-20 15:00:23.000,299.0,3,897.0,Odd
ADVANC,2025-10-20 15:00:24.000,298.0,300,89400.0,Sell
ADVANC,2025-10-20 15:00:27.000,298.0,3000,894000.0,Sell
ADVANC,2025-10-20 15:00:30.000,298.0,100,29800.0,Sell
ADVANC,2025-10-20 15:00:31.000,298.0,2000,596000.0,Sell
ADVANC,2025-10-20 15:00:32.000,298.0,300,89400.0,Sell
ADVANC,2025-10-20 15:00:32.000,298.0,100,29800.0,Sell
ADVANC,2025-10-20 15:00:32.000,298.0,400,119200.0,Sell
ADVANC,2025-10-20 15:00:44.000,298.0,100,29800.0,Sell
ADVANC,2025-10-20 15:01:37.000,298.0,200,59600.0,Sell
ADVANC,2025-10-20 15:01:37.000,298.0,100,29800.0,Sell
ADVANC,2025-10-20 15:01:37.000,298.0,400,119200.0,Sell
ADVANC,2025-10-20 15:01:39.000,299.0,600,179400.0,Buy
ADVANC,2025-10-20 15:01:41.000,298.0,300,89400.0,Sell
ADVANC,2025-10-20 15:01:48.000,298.0,1,298.0,Odd
ADVANC,2025-10-20 15:01:54.000,298.0,100,29800.0,Sell
ADVANC,2025-10-20 15:01:54.000,298.0,200,59600.0,Sell
ADVANC,2025-10-20 15:02:11.000,298.0,1,298.0,Odd
ADVANC,2025-10-20 15:03:04.000,298.0,300,89400.0,Sell
ADVANC,2025-10-20 15:03:04.000,299.0,300,89700.0,Buy
ADVANC,2025-10-20 15:03:19.000,298.0,2000,596000.0,Sell
ADVANC,2025-10-20 15:03:39.000,298.0,1,298.0,Odd
ADVANC,2025-10-20 15:03:39.000,298.0,10,2980.0,Odd
ADVANC,2025-10-20 15:03:50.000,298.0,1,298.0,Odd
ADVANC,2025-10-20 15:04:03.000,298.0,300,89400.0,Sell
ADVANC,2025-10-20 15:04:17.000,298.0,300,89400.0,Sell
ADVANC,2025-10-20 15:04:36.000,298.0,300,89400.0,Sell
ADVANC,2025-10-20 15:04:53.000,298.0,100,29800.0,Sell
ADVANC,2025-10-20 15:04:57.000,298.0,200,59600.0,Sell
ADVANC,2025-10-20 15:05:37.000,298.0,300,89400.0,Sell
ADVANC,2025-10-20 15:06:23.000,298.0,300,89400.0,Sell
ADVANC,2025-10-20 15:06:31.000,297.0,2,594.0,Odd
ADVANC,2025-10-20 15:06:49.000,298.0,300,89400.0,Sell
ADVANC,2025-10-20 15:06:53.000,299.0,700,209300.0,Buy
ADVANC,2025-10-20 15:07:02.000,298.0,300,89400.0,Sell
ADVANC,2025-10-20 15:07:03.000,298.0,800,238400.0,Sell
ADVANC,2025-10-20 15:07:33.000,299.0,800,239200.0,Buy
ADVANC,2025-10-20 15:07:59.000,298.0,100,29800.0,Sell
ADVANC,2025-10-20 15:08:01.000,299.0,400,119600.0,Buy
ADVANC,2025-10-20 15:08:04.000,298.0,200,59600.0,Sell
ADVANC,2025-10-20 15:08:32.000,298.0,300,89400.0,Sell
ADVANC,2025-10-20 15:08:36.000,299.0,2100,627900.0,Buy
ADVANC,2025-10-20 15:09:54.000,298.0,300,89400.0,Sell
ADVANC,2025-10-20 15:10:18.000,298.0,300,89400.0,Sell
ADVANC,2025-10-20 15:11:02.000,298.0,300,89400.0,Sell
ADVANC,2025-10-20 15:11:18.000,298.0,100,29800.0,Sell
ADVANC,2025-10-20 15:12:01.000,298.0,300,89400.0,Sell
ADVANC,2025-10-20 15:12:12.000,298.0,300,89400.0,Sell
ADVANC,2025-10-20 15:12:20.000,298.0,300,89400.0,Sell
ADVANC,2025-10-20 15:13:01.000,298.0,100,29800.0,Sell
ADVANC,2025-10-20 15:13:02.000,298.0,100,29800.0,Sell
ADVANC,2025-10-20 15:13:08.000,299.0,300,89700.0,Buy
ADVANC,2025-10-20 15:13:16.000,298.0,300,89400.0,Sell
ADVANC,2025-10-20 15:13:31.000,298.0,800,238400.0,Sell
ADVANC,2025-10-20 15:13:35.000,298.0,300,89400.0,Sell
ADVANC,2025-10-20 15:13:43.000,299.0,900,269100.0,Buy
ADVANC,2025-10-20 15:13:45.000,298.0,100,29800.0,Sell
ADVANC,2025-10-20 15:13:59.000,298.0,200,59600.0,Sell
ADVANC,2025-10-20 15:13:59.000,298.0,100,29800.0,Sell
ADVANC,2025-10-20 15:14:04.000,298.0,100,29800.0,Sell
ADVANC,2025-10-20 15:14:29.000,298.0,100,29800.0,Sell
ADVANC,2025-10-20 15:14:50.000,298.0,300,89400.0,Sell
ADVANC,2025-10-20 15:15:18.000,298.0,200,59600.0,Sell
ADVANC,2025-10-20 15:15:18.000,298.0,100,29800.0,Sell
ADVANC,2025-10-20 15:15:22.000,298.0,100,29800.0,Sell
ADVANC,2025-10-20 15:15:22.000,298.0,300,89400.0,Sell
ADVANC,2025-10-20 15:15:22.000,298.0,200,59600.0,Sell
ADVANC,2025-10-20 15:15:22.000,298.0,400,119200.0,Sell
ADVANC,2025-10-20 15:15:31.000,298.0,100,29800.0,Sell
ADVANC,2025-10-20 15:15:31.000,298.0,300,89400.0,Sell
ADVANC,2025-10-20 15:15:44.000,299.0,100,29900.0,Buy
ADVANC,2025-10-20 15:15:48.000,299.0,100,29900.0,Buy
ADVANC,2025-10-20 15:15:52.000,298.0,2,596.0,Odd
ADVANC,2025-10-20 15:15:53.000,298.0,100,29800.0,Sell
ADVANC,2025-10-20 15:16:09.000,298.0,100,29800.0,Sell
ADVANC,2025-10-20 15:16:17.000,298.0,100,29800.0,Sell
ADVANC,2025-10-20 15:16:17.000,298.0,300,89400.0,Sell
ADVANC,2025-10-20 15:17:05.000,298.0,2500,745000.0,Sell
ADVANC,2025-10-20 15:17:05.000,298.0,100,29800.0,Sell
ADVANC,2025-10-20 15:17:39.000,298.0,300,89400.0,Sell
ADVANC,2025-10-20 15:17:47.000,298.0,1,298.0,Odd
ADVANC,2025-10-20 15:18:45.000,299.0,100,29900.0,Buy
ADVANC,2025-10-20 15:18:51.000,298.0,1000,298000.0,Sell
ADVANC,2025-10-20 15:18:52.000,298.0,200,59600.0,Sell
ADVANC,2025-10-20 15:19:03.000,298.0,2,596.0,Odd
ADVANC,2025-10-20 15:19:03.000,298.0,1,298.0,Odd
ADVANC,2025-10-20 15:19:03.000,298.0,29,8642.0,Odd
ADVANC,2025-10-20 15:19:03.000,298.0,300,89400.0,Sell
ADVANC,2025-10-20 15:19:03.000,299.0,38,11362.0,Odd
ADVANC,2025-10-20 15:19:13.000,298.0,300,89400.0,Sell
ADVANC,2025-10-20 15:19:55.000,298.0,800,238400.0,Sell
ADVANC,2025-10-20 15:20:06.000,298.0,300,89400.0,Sell
ADVANC,2025-10-20 15:20:13.000,298.0,200,59600.0,Sell
ADVANC,2025-10-20 15:20:18.000,298.0,100,29800.0,Sell
ADVANC,2025-10-20 15:20:27.000,299.0,1000,299000.0,Buy
ADVANC,2025-10-20 15:20:29.000,298.0,300,89400.0,Sell
ADVANC,2025-10-20 15:20:39.000,298.0,200,59600.0,Sell
ADVANC,2025-10-20 15:20:46.000,298.0,300,89400.0,Sell
ADVANC,2025-10-20 15:20:48.000,299.0,300,89700.0,Buy
ADVANC,2025-10-20 15:21:10.000,298.0,300,89400.0,Sell
ADVANC,2025-10-20 15:21:21.000,298.0,300,89400.0,Sell
ADVANC,2025-10-20 15:21:30.000,299.0,100,29900.0,Buy
ADVANC,2025-10-20 15:21:33.000,298.0,100,29800.0,Sell
ADVANC,2025-10-20 15:21:46.000,298.0,100,29800.0,Sell
ADVANC,2025-10-20 15:21:54.000,298.0,200,59600.0,Sell
ADVANC,2025-10-20 15:21:54.000,298.0,100,29800.0,Sell
ADVANC,2025-10-20 15:21:54.000,298.0,300,89400.0,Sell
ADVANC,2025-10-20 15:21:54.000,298.0,4400,1311200.0,Sell
ADVANC,2025-10-20 15:21:58.000,298.0,300,89400.0,Sell
ADVANC,2025-10-20 15:22:25.000,298.0,300,89400.0,Sell
ADVANC,2025-10-20 15:22:37.000,298.0,300,89400.0,Sell
ADVANC,2025-10-20 15:22:45.000,298.0,200,59600.0,Sell
ADVANC,2025-10-20 15:22:46.000,298.0,400,119200.0,Sell
ADVANC,2025-10-20 15:23:02.000,298.0,300,89400.0,Sell
ADVANC,2025-10-20 15:23:10.000,298.0,300,89400.0,Sell
ADVANC,2025-10-20 15:23:22.000,299.0,300,89700.0,Buy
ADVANC,2025-10-20 15:23:34.000,298.0,300,89400.0,Sell
ADVANC,2025-10-20 15:23:35.000,298.0,100,29800.0,Sell
ADVANC,2025-10-20 15:23:42.000,298.0,100,29800.0,Sell
ADVANC,2025-10-20 15:23:49.000,298.0,300,89400.0,Sell
ADVANC,2025-10-20 15:23:52.000,298.0,100,29800.0,Sell
ADVANC,2025-10-20 15:24:03.000,298.0,300,89400.0,Sell
ADVANC,2025-10-20 15:24:27.000,298.0,300,89400.0,Sell
ADVANC,2025-10-20 15:24:33.000,298.0,100,29800.0,Sell
ADVANC,2025-10-20 15:24:40.000,298.0,300,89400.0,Sell
ADVANC,2025-10-20 15:24:52.000,298.0,100,29800.0,Sell
ADVANC,2025-10-20 15:25:10.000,298.0,300,89400.0,Sell
ADVANC,2025-10-20 15:25:13.000,298.0,300,89400.0,Sell
ADVANC,2025-10-20 15:25:25.000,299.0,300,89700.0,Buy
ADVANC,2025-10-20 15:25:35.000,299.0,600,179400.0,Buy
ADVANC,2025-10-20 15:25:50.000,298.0,300,89400.0,Sell
ADVANC,2025-10-20 15:25:50.000,298.0,100,29800.0,Sell
ADVANC,2025-10-20 15:25:50.000,298.0,200,59600.0,Sell
ADVANC,2025-10-20 15:26:09.000,298.0,200,59600.0,Sell
ADVANC,2025-10-20 15:26:12.000,298.0,100,29800.0,Sell
ADVANC,2025-10-20 15:26:16.000,298.0,300,89400.0,Sell
ADVANC,2025-10-20 15:26:19.000,298.0,200,59600.0,Sell
ADVANC,2025-10-20 15:26:19.000,298.0,600,178800.0,Sell
ADVANC,2025-10-20 15:26:21.000,298.0,200,59600.0,Sell
ADVANC,2025-10-20 15:26:29.000,298.0,100,29800.0,Sell
ADVANC,2025-10-20 15:26:53.000,298.0,100,29800.0,Sell
ADVANC,2025-10-20 15:27:01.000,298.0,300,89400.0,Sell
ADVANC,2025-10-20 15:27:13.000,298.0,300,89400.0,Sell
ADVANC,2025-10-20 15:27:21.000,298.0,300,89400.0,Sell
ADVANC,2025-10-20 15:27:39.000,299.0,300,89700.0,Buy
ADVANC,2025-10-20 15:27:44.000,298.0,3000,894000.0,Sell
ADVANC,2025-10-20 15:27:51.000,298.0,300,89400.0,Sell
ADVANC,2025-10-20 15:28:04.000,298.0,200,59600.0,Sell
ADVANC,2025-10-20 15:28:12.000,298.0,300,89400.0,Sell
ADVANC,2025-10-20 15:28:32.000,298.0,200,59600.0,Sell
ADVANC,2025-10-20 15:28:32.000,298.0,100,29800.0,Sell
ADVANC,2025-10-20 15:28:36.000,298.0,300,89400.0,Sell
ADVANC,2025-10-20 15:28:39.000,298.0,100,29800.0,Sell
ADVANC,2025-10-20 15:28:40.000,298.0,600,178800.0,Sell
ADVANC,2025-10-20 15:28:54.000,298.0,100,29800.0,Sell
ADVANC,2025-10-20 15:28:54.000,298.0,900,268200.0,Sell
ADVANC,2025-10-20 15:28:54.000,298.0,800,238400.0,Sell
ADVANC,2025-10-20 15:28:54.000,298.0,400,119200.0,Sell
ADVANC,2025-10-20 15:28:54.000,298.0,700,208600.0,Sell
ADVANC,2025-10-20 15:29:12.000,298.0,300,89400.0,Sell
ADVANC,2025-10-20 15:29:13.000,298.0,100,29800.0,Sell
ADVANC,2025-10-20 15:29:23.000,298.0,100,29800.0,Sell
ADVANC,2025-10-20 15:29:27.000,299.0,200,59800.0,Buy
ADVANC,2025-10-20 15:29:42.000,298.0,200,59600.0,Sell
ADVANC,2025-10-20 15:29:43.000,298.0,300,89400.0,Sell
ADVANC,2025-10-20 15:29:46.000,298.0,200,59600.0,Sell
ADVANC,2025-10-20 15:29:46.000,298.0,100,29800.0,Sell
ADVANC,2025-10-20 15:29:48.000,299.0,300,89700.0,Buy
ADVANC,2025-10-20 15:29:58.000,298.0,100,29800.0,Sell
ADVANC,2025-10-20 15:30:24.000,298.0,100,29800.0,Sell
ADVANC,2025-10-20 15:30:24.000,299.0,200,59800.0,Buy
ADVANC,2025-10-20 15:30:36.000,298.0,500,149000.0,Sell
ADVANC,2025-10-20 15:30:36.000,298.0,700,208600.0,Sell
ADVANC,2025-10-20 15:30:36.000,298.0,300,89400.0,Sell
ADVANC,2025-10-20 15:30:36.000,298.0,400,119200.0,Sell
ADVANC,2025-10-20 15:30:36.000,298.0,1100,327800.0,Sell
ADVANC,2025-10-20 15:30:42.000,298.0,100,29800.0,Sell
ADVANC,2025-10-20 15:30:42.000,298.0,200,59600.0,Sell
ADVANC,2025-10-20 15:31:38.000,298.0,100,29800.0,Sell
ADVANC,2025-10-20 15:31:38.000,298.0,200,59600.0,Sell
ADVANC,2025-10-20 15:31:38.000,298.0,300,89400.0,Sell
ADVANC,2025-10-20 15:31:52.000,298.0,300,89400.0,Sell
ADVANC,2025-10-20 15:31:55.000,299.0,300,89700.0,Buy
ADVANC,2025-10-20 15:32:03.000,298.0,200,59600.0,Sell
ADVANC,2025-10-20 15:32:03.000,298.0,300,89400.0,Sell
ADVANC,2025-10-20 15:32:20.000,298.0,5100,1519800.0,Sell
ADVANC,2025-10-20 15:32:24.000,298.0,100,29800.0,Sell
ADVANC,2025-10-20 15:32:45.000,298.0,300,89400.0,Sell
ADVANC,2025-10-20 15:32:45.000,298.0,800,238400.0,Sell
ADVANC,2025-10-20 15:32:53.000,298.0,100,29800.0,Sell
ADVANC,2025-10-20 15:33:11.000,298.0,100,29800.0,Sell
ADVANC,2025-10-20 15:33:42.000,298.0,300,89400.0,Sell
ADVANC,2025-10-20 15:33:48.000,298.0,100,29800.0,Sell
ADVANC,2025-10-20 15:33:51.000,298.0,300,89400.0,Sell
ADVANC,2025-10-20 15:33:53.000,298.0,300,89400.0,Sell
ADVANC,2025-10-20 15:33:54.000,299.0,300,89700.0,Buy
ADVANC,2025-10-20 15:34:50.000,298.0,300,89400.0,Sell
ADVANC,2025-10-20 15:35:10.000,298.0,300,89400.0,Sell
ADVANC,2025-10-20 15:35:45.000,298.0,300,89400.0,Sell
ADVANC,2025-10-20 15:35:50.000,299.0,300,89700.0,Buy
ADVANC,2025-10-20 15:35:54.000,298.0,300,89400.0,Sell
ADVANC,2025-10-20 15:36:06.000,299.0,300,89700.0,Buy
ADVANC,2025-10-20 15:36:18.000,298.0,100,29800.0,Sell
ADVANC,2025-10-20 15:36:57.000,298.0,300,89400.0,Sell
ADVANC,2025-10-20 15:37:05.000,298.0,300,89400.0,Sell
ADVANC,2025-10-20 15:37:42.000,299.0,300,89700.0,Buy
ADVANC,2025-10-20 15:37:53.000,298.0,100,29800.0,Sell
ADVANC,2025-10-20 15:38:07.000,298.0,300,89400.0,Sell
ADVANC,2025-10-20 15:38:50.000,298.0,300,89400.0,Sell
ADVANC,2025-10-20 15:39:00.000,298.0,300,89400.0,Sell
ADVANC,2025-10-20 15:39:14.000,298.0,800,238400.0,Sell
ADVANC,2025-10-20 15:39:26.000,299.0,300,89700.0,Buy
ADVANC,2025-10-20 15:39:28.000,298.0,100,29800.0,Sell
ADVANC,2025-10-20 15:39:29.000,298.0,100,29800.0,Sell
ADVANC,2025-10-20 15:39:51.000,298.0,8,2384.0,Odd
ADVANC,2025-10-20 15:39:51.000,298.0,2,596.0,Odd
ADVANC,2025-10-20 15:39:59.000,298.0,300,89400.0,Sell
ADVANC,2025-10-20 15:40:04.000,299.0,1,299.0,Odd
ADVANC,2025-10-20 15:40:04.000,299.0,2,598.0,Odd
ADVANC,2025-10-20 15:40:04.000,299.0,7,2093.0,Odd
ADVANC,2025-10-20 15:40:04.000,298.0,12,3576.0,Odd
ADVANC,2025-10-20 15:40:04.000,299.0,10,2990.0,Odd
ADVANC,2025-10-20 15:40:04.000,299.0,38,11362.0,Odd
ADVANC,2025-10-20 15:40:33.000,298.0,100,29800.0,Sell
ADVANC,2025-10-20 15:40:47.000,298.0,300,89400.0,Sell
ADVANC,2025-10-20 15:40:49.000,299.0,300,89700.0,Buy
ADVANC,2025-10-20 15:40:51.000,298.0,300,89400.0,Sell
ADVANC,2025-10-20 15:41:33.000,299.0,1,299.0,Odd
ADVANC,2025-10-20 15:41:38.000,298.0,300,89400.0,Sell
ADVANC,2025-10-20 15:42:00.000,298.0,300,89400.0,Sell
ADVANC,2025-10-20 15:42:15.000,299.0,300,89700.0,Buy
ADVANC,2025-10-20 15:42:22.000,298.0,300,89400.0,Sell
ADVANC,2025-10-20 15:42:33.000,298.0,300,89400.0,Sell
ADVANC,2025-10-20 15:42:50.000,299.0,300,89700.0,Buy
ADVANC,2025-10-20 15:43:17.000,298.0,3000,894000.0,Sell
ADVANC,2025-10-20 15:43:20.000,298.0,200,59600.0,Sell
ADVANC,2025-10-20 15:43:29.000,298.0,300,89400.0,Sell
ADVANC,2025-10-20 15:43:38.000,298.0,100,29800.0,Sell
ADVANC,2025-10-20 15:43:50.000,299.0,300,89700.0,Buy
ADVANC,2025-10-20 15:44:05.000,298.0,300,89400.0,Sell
ADVANC,2025-10-20 15:44:27.000,298.0,300,89400.0,Sell
ADVANC,2025-10-20 15:44:55.000,298.0,2500,745000.0,Sell
ADVANC,2025-10-20 15:45:20.000,298.0,300,89400.0,Sell
ADVANC,2025-10-20 15:45:25.000,299.0,300,89700.0,Buy
ADVANC,2025-10-20 15:45:44.000,298.0,300,89400.0,Sell
ADVANC,2025-10-20 15:45:44.000,298.0,800,238400.0,Sell
ADVANC,2025-10-20 15:45:56.000,298.0,300,89400.0,Sell
ADVANC,2025-10-20 15:46:12.000,298.0,300,89400.0,Sell
ADVANC,2025-10-20 15:46:27.000,298.0,100,29800.0,Sell
ADVANC,2025-10-20 15:46:29.000,298.0,200,59600.0,Sell
ADVANC,2025-10-20 15:46:33.000,298.0,100,29800.0,Sell
ADVANC,2025-10-20 15:47:01.000,299.0,300,89700.0,Buy
ADVANC,2025-10-20 15:47:01.000,298.0,300,89400.0,Sell
ADVANC,2025-10-20 15:47:03.000,298.0,300,89400.0,Sell
ADVANC,2025-10-20 15:47:08.000,298.0,300,89400.0,Sell
ADVANC,2025-10-20 15:47:39.000,298.0,400,119200.0,Sell
ADVANC,2025-10-20 15:47:59.000,298.0,300,89400.0,Sell
ADVANC,2025-10-20 15:48:04.000,298.0,100,29800.0,Sell
ADVANC,2025-10-20 15:48:04.000,298.0,300,89400.0,Sell
ADVANC,2025-10-20 15:48:17.000,298.0,300,89400.0,Sell
ADVANC,2025-10-20 15:48:17.000,299.0,300,89700.0,Buy
ADVANC,2025-10-20 15:48:40.000,299.0,300,89700.0,Buy
ADVANC,2025-10-20 15:48:47.000,298.0,300,89400.0,Sell
ADVANC,2025-10-20 15:48:50.000,298.0,100,29800.0,Sell
ADVANC,2025-10-20 15:49:30.000,298.0,300,89400.0,Sell
ADVANC,2025-10-20 15:49:33.000,299.0,300,89700.0,Buy
ADVANC,2025-10-20 15:49:33.000,298.0,300,89400.0,Sell
ADVANC,2025-10-20 15:49:46.000,298.0,300,89400.0,Sell
ADVANC,2025-10-20 15:49:52.000,298.0,5100,1519800.0,Sell
ADVANC,2025-10-20 15:49:57.000,298.0,500,149000.0,Sell
ADVANC,2025-10-20 15:50:13.000,298.0,100,29800.0,Sell
ADVANC,2025-10-20 15:50:14.000,298.0,100,29800.0,Sell
ADVANC,2025-10-20 15:50:15.000,298.0,300,89400.0,Sell
ADVANC,2025-10-20 15:50:22.000,298.0,400,119200.0,Sell
ADVANC,2025-10-20 15:50:27.000,298.0,100,29800.0,Sell
ADVANC,2025-10-20 15:50:34.000,298.0,300,89400.0,Sell
ADVANC,2025-10-20 15:50:39.000,299.0,300,89700.0,Buy
ADVANC,2025-10-20 15:50:41.000,298.0,200,59600.0,Sell
ADVANC,2025-10-20 15:50:58.000,298.0,300,89400.0,Sell
ADVANC,2025-10-20 15:51:08.000,298.0,100,29800.0,Sell
ADVANC,2025-10-20 15:51:18.000,298.0,300,89400.0,Sell
ADVANC,2025-10-20 15:51:28.000,298.0,900,268200.0,Sell
ADVANC,2025-10-20 15:51:40.000,298.0,300,89400.0,Sell
ADVANC,2025-10-20 15:51:48.000,298.0,300,89400.0,Sell
ADVANC,2025-10-20 15:51:55.000,299.0,300,89700.0,Buy
ADVANC,2025-10-20 15:51:58.000,298.0,300,89400.0,Sell
ADVANC,2025-10-20 15:51:59.000,298.0,300,89400.0,Sell
ADVANC,2025-10-20 15:52:10.000,298.0,300,89400.0,Sell
ADVANC,2025-10-20 15:52:12.000,299.0,300,89700.0,Buy
ADVANC,2025-10-20 15:52:32.000,298.0,300,89400.0,Sell
ADVANC,2025-10-20 15:52:35.000,299.0,200,59800.0,Buy
ADVANC,2025-10-20 15:52:36.000,298.0,100,29800.0,Sell
ADVANC,2025-10-20 15:52:54.000,298.0,100,29800.0,Sell
ADVANC,2025-10-20 15:53:01.000,298.0,40,11920.0,Odd
ADVANC,2025-10-20 15:53:08.000,298.0,300,89400.0,Sell
ADVANC,2025-10-20 15:53:17.000,298.0,300,89400.0,Sell
ADVANC,2025-10-20 15:53:17.000,298.0,400,119200.0,Sell
ADVANC,2025-10-20 15:53:17.000,298.0,4600,1370800.0,Sell
ADVANC,2025-10-20 15:53:44.000,298.0,300,89400.0,Sell
ADVANC,2025-10-20 15:53:53.000,298.0,100,29800.0,Sell
ADVANC,2025-10-20 15:53:55.000,299.0,300,89700.0,Buy
ADVANC,2025-10-20 15:54:01.000,298.0,300,89400.0,Sell
ADVANC,2025-10-20 15:54:07.000,298.0,100,29800.0,Sell
ADVANC,2025-10-20 15:54:13.000,298.0,4700,1400600.0,Sell
ADVANC,2025-10-20 15:54:25.000,298.0,300,89400.0,Sell
ADVANC,2025-10-20 15:54:31.000,298.0,300,89400.0,Sell
ADVANC,2025-10-20 15:54:31.000,298.0,100,29800.0,Sell
ADVANC,2025-10-20 15:54:47.000,298.0,300,89400.0,Sell
ADVANC,2025-10-20 15:55:07.000,299.0,300,89700.0,Buy
ADVANC,2025-10-20 15:55:24.000,298.0,300,89400.0,Sell
ADVANC,2025-10-20 15:55:28.000,298.0,800,238400.0,Sell
ADVANC,2025-10-20 15:55:30.000,298.0,300,89400.0,Sell
ADVANC,2025-10-20 15:55:30.000,299.0,300,89700.0,Buy
ADVANC,2025-10-20 15:55:50.000,298.0,200,59600.0,Sell
ADVANC,2025-10-20 15:56:10.000,298.0,2000,596000.0,Sell
ADVANC,2025-10-20 15:56:14.000,299.0,300,89700.0,Buy
ADVANC,2025-10-20 15:56:30.000,298.0,300,89400.0,Sell
ADVANC,2025-10-20 15:56:41.000,298.0,300,89400.0,Sell
ADVANC,2025-10-20 15:56:45.000,298.0,1500,447000.0,Sell
ADVANC,2025-10-20 15:56:48.000,298.0,300,89400.0,Sell
ADVANC,2025-10-20 15:56:56.000,298.0,300,89400.0,Sell
ADVANC,2025-10-20 15:57:03.000,298.0,100,29800.0,Sell
ADVANC,2025-10-20 15:57:03.000,298.0,300,89400.0,Sell
ADVANC,2025-10-20 15:57:10.000,298.0,100,29800.0,Sell
ADVANC,2025-10-20 15:57:11.000,299.0,5000,1495000.0,Buy
ADVANC,2025-10-20 15:57:12.000,299.0,5000,1495000.0,Buy
ADVANC,2025-10-20 15:57:13.000,298.0,300,89400.0,Sell
ADVANC,2025-10-20 15:57:18.000,299.0,300,89700.0,Buy
ADVANC,2025-10-20 15:57:52.000,298.0,1700,506600.0,Sell
ADVANC,2025-10-20 15:58:01.000,299.0,1,299.0,Odd
ADVANC,2025-10-20 15:58:04.000,298.0,200,59600.0,Sell
ADVANC,2025-10-20 15:58:04.000,298.0,300,89400.0,Sell
ADVANC,2025-10-20 15:58:29.000,298.0,300,89400.0,Sell
ADVANC,2025-10-20 15:58:31.000,299.0,300,89700.0,Buy
ADVANC,2025-10-20 15:58:33.000,298.0,100,29800.0,Sell
ADVANC,2025-10-20 15:58:40.000,298.0,300,89400.0,Sell
ADVANC,2025-10-20 15:58:45.000,299.0,900,269100.0,Buy
ADVANC,2025-10-20 15:59:07.000,298.0,100,29800.0,Sell
ADVANC,2025-10-20 15:59:09.000,298.0,800,238400.0,Sell
ADVANC,2025-10-20 15:59:13.000,299.0,4,1196.0,Odd
ADVANC,2025-10-20 15:59:13.000,299.0,26,7774.0,Odd
ADVANC,2025-10-20 15:59:13.000,299.0,30,8970.0,Odd
ADVANC,2025-10-20 15:59:20.000,298.0,300,89400.0,Sell
ADVANC,2025-10-20 15:59:22.000,298.0,100,29800.0,Sell
ADVANC,2025-10-20 15:59:33.000,299.0,300,89700.0,Buy
ADVANC,2025-10-20 15:59:41.000,298.0,500,149000.0,Sell
ADVANC,2025-10-20 16:00:02.000,298.0,300,89400.0,Sell
ADVANC,2025-10-20 16:00:04.000,298.0,300,89400.0,Sell
ADVANC,2025-10-20 16:00:10.000,299.0,6,1794.0,Odd
ADVANC,2025-10-20 16:00:15.000,298.0,500,149000.0,Sell
ADVANC,2025-10-20 16:00:27.000,298.0,4300,1281400.0,Sell
ADVANC,2025-10-20 16:00:36.000,298.0,300,89400.0,Sell
ADVANC,2025-10-20 16:00:36.000,299.0,300,89700.0,Buy
ADVANC,2025-10-20 16:00:49.000,298.0,300,89400.0,Sell
ADVANC,2025-10-20 16:00:57.000,298.0,100,29800.0,Sell
ADVANC,2025-10-20 16:01:06.000,298.0,300,89400.0,Sell
ADVANC,2025-10-20 16:01:10.000,298.0,300,89400.0,Sell
ADVANC,2025-10-20 16:01:21.000,298.0,300,89400.0,Sell
ADVANC,2025-10-20 16:01:29.000,299.0,300,89700.0,Buy
ADVANC,2025-10-20 16:01:29.000,298.0,300,89400.0,Sell
ADVANC,2025-10-20 16:01:32.000,298.0,300,89400.0,Sell
ADVANC,2025-10-20 16:01:32.000,299.0,300,89700.0,Buy
ADVANC,2025-10-20 16:01:33.000,298.0,100,29800.0,Sell
ADVANC,2025-10-20 16:01:39.000,298.0,400,119200.0,Sell
ADVANC,2025-10-20 16:01:44.000,298.0,300,89400.0,Sell
ADVANC,2025-10-20 16:01:47.000,298.0,100,29800.0,Sell
ADVANC,2025-10-20 16:01:56.000,299.0,200,59800.0,Buy
ADVANC,2025-10-20 16:02:03.000,298.0,200,59600.0,Sell
ADVANC,2025-10-20 16:02:15.000,298.0,300,89400.0,Sell
ADVANC,2025-10-20 16:02:40.000,298.0,800,238400.0,Sell
ADVANC,2025-10-20 16:02:42.000,298.0,300,89400.0,Sell
ADVANC,2025-10-20 16:02:56.000,299.0,300,89700.0,Buy
ADVANC,2025-10-20 16:02:56.000,298.0,300,89400.0,Sell
ADVANC,2025-10-20 16:03:09.000,298.0,300,89400.0,Sell
ADVANC,2025-10-20 16:03:25.000,298.0,300,89400.0,Sell
ADVANC,2025-10-20 16:03:25.000,298.0,100,29800.0,Sell
ADVANC,2025-10-20 16:03:34.000,298.0,100,29800.0,Sell
ADVANC,2025-10-20 16:03:36.000,298.0,3500,1043000.0,Sell
ADVANC,2025-10-20 16:03:36.000,298.0,2200,655600.0,Sell
ADVANC,2025-10-20 16:03:36.000,298.0,100,29800.0,Sell
ADVANC,2025-10-20 16:03:42.000,299.0,700,209300.0,Buy
ADVANC,2025-10-20 16:03:43.000,299.0,600,179400.0,Buy
ADVANC,2025-10-20 16:03:43.000,298.0,300,89400.0,Sell
ADVANC,2025-10-20 16:03:53.000,298.0,100,29800.0,Sell
ADVANC,2025-10-20 16:04:07.000,298.0,100,29800.0,Sell
ADVANC,2025-10-20 16:04:10.000,298.0,300,89400.0,Sell
ADVANC,2025-10-20 16:04:11.000,298.0,300,89400.0,Sell
ADVANC,2025-10-20 16:04:16.000,299.0,300,89700.0,Buy
ADVANC,2025-10-20 16:04:28.000,299.0,300,89700.0,Buy
ADVANC,2025-10-20 16:04:28.000,298.0,300,89400.0,Sell
ADVANC,2025-10-20 16:04:54.000,298.0,300,89400.0,Sell
ADVANC,2025-10-20 16:05:14.000,298.0,300,89400.0,Sell
ADVANC,2025-10-20 16:05:14.000,299.0,1000,299000.0,Buy
ADVANC,2025-10-20 16:05:16.000,298.0,200,59600.0,Sell
ADVANC,2025-10-20 16:05:16.000,298.0,100,29800.0,Sell
ADVANC,2025-10-20 16:05:25.000,299.0,300,89700.0,Buy
ADVANC,2025-10-20 16:05:37.000,298.0,100,29800.0,Sell
ADVANC,2025-10-20 16:05:37.000,298.0,200,59600.0,Sell
ADVANC,2025-10-20 16:05:54.000,298.0,300,89400.0,Sell
ADVANC,2025-10-20 16:05:56.000,298.0,300,89400.0,Sell
ADVANC,2025-10-20 16:06:14.000,298.0,900,268200.0,Sell
ADVANC,2025-10-20 16:06:19.000,298.0,300,89400.0,Sell
ADVANC,2025-10-20 16:06:31.000,299.0,300,89700.0,Buy
ADVANC,2025-10-20 16:06:36.000,298.0,300,89400.0,Sell
ADVANC,2025-10-20 16:06:59.000,298.0,300,89400.0,Sell
ADVANC,2025-10-20 16:07:19.000,298.0,200,59600.0,Sell
ADVANC,2025-10-20 16:07:37.000,298.0,100,29800.0,Sell
ADVANC,2025-10-20 16:07:37.000,299.0,300,89700.0,Buy
ADVANC,2025-10-20 16:07:53.000,298.0,100,29800.0,Sell
ADVANC,2025-10-20 16:07:59.000,298.0,300,89400.0,Sell
ADVANC,2025-10-20 16:08:00.000,298.0,300,89400.0,Sell
ADVANC,2025-10-20 16:08:04.000,298.0,200,59600.0,Sell
ADVANC,2025-10-20 16:08:29.000,298.0,300,89400.0,Sell
ADVANC,2025-10-20 16:08:45.000,298.0,200,59600.0,Sell
ADVANC,2025-10-20 16:08:52.000,299.0,300,89700.0,Buy
ADVANC,2025-10-20 16:08:53.000,298.0,100,29800.0,Sell
ADVANC,2025-10-20 16:09:05.000,299.0,800,239200.0,Buy
ADVANC,2025-10-20 16:09:07.000,298.0,200,59600.0,Sell
ADVANC,2025-10-20 16:09:07.000,298.0,100,29800.0,Sell
ADVANC,2025-10-20 16:09:26.000,298.0,300,89400.0,Sell
ADVANC,2025-10-20 16:09:40.000,298.0,300,89400.0,Sell
ADVANC,2025-10-20 16:09:42.000,299.0,300,89700.0,Buy
ADVANC,2025-10-20 16:09:44.000,298.0,300,89400.0,Sell
ADVANC,2025-10-20 16:09:50.000,299.0,300,89700.0,Buy
ADVANC,2025-10-20 16:10:19.000,298.0,300,89400.0,Sell
ADVANC,2025-10-20 16:10:26.000,298.0,300,89400.0,Sell
ADVANC,2025-10-20 16:10:26.000,298.0,800,238400.0,Sell
ADVANC,2025-10-20 16:10:29.000,298.0,300,89400.0,Sell
ADVANC,2025-10-20 16:10:47.000,298.0,500,149000.0,Sell
ADVANC,2025-10-20 16:10:47.000,298.0,400,119200.0,Sell
ADVANC,2025-10-20 16:10:47.000,298.0,2500,745000.0,Sell
ADVANC,2025-10-20 16:10:47.000,298.0,600,178800.0,Sell
ADVANC,2025-10-20 16:10:50.000,298.0,300,89400.0,Sell
ADVANC,2025-10-20 16:10:50.000,299.0,300,89700.0,Buy
ADVANC,2025-10-20 16:10:53.000,298.0,300,89400.0,Sell
ADVANC,2025-10-20 16:10:53.000,298.0,100,29800.0,Sell
ADVANC,2025-10-20 16:11:12.000,298.0,200,59600.0,Sell
ADVANC,2025-10-20 16:11:18.000,299.0,200,59800.0,Buy
ADVANC,2025-10-20 16:11:20.000,298.0,300,89400.0,Sell
ADVANC,2025-10-20 16:11:27.000,298.0,100,29800.0,Sell
ADVANC,2025-10-20 16:11:45.000,298.0,1,298.0,Odd
ADVANC,2025-10-20 16:11:47.000,299.0,300,89700.0,Buy
ADVANC,2025-10-20 16:11:50.000,298.0,300,89400.0,Sell
ADVANC,2025-10-20 16:11:51.000,298.0,300,89400.0,Sell
ADVANC,2025-10-20 16:12:16.000,298.0,300,89400.0,Sell
ADVANC,2025-10-20 16:12:17.000,299.0,200,59800.0,Buy
ADVANC,2025-10-20 16:12:19.000,298.0,3600,1072800.0,Sell
ADVANC,2025-10-20 16:12:19.000,299.0,600,179400.0,Buy
ADVANC,2025-10-20 16:12:26.000,298.0,100,29800.0,Sell
ADVANC,2025-10-20 16:12:26.000,298.0,300,89400.0,Sell
ADVANC,2025-10-20 16:12:27.000,298.0,300,89400.0,Sell
ADVANC,2025-10-20 16:12:32.000,298.0,100,29800.0,Sell
ADVANC,2025-10-20 16:12:38.000,299.0,200,59800.0,Buy
ADVANC,2025-10-20 16:12:43.000,298.0,100,29800.0,Sell
ADVANC,2025-10-20 16:12:50.000,298.0,300,89400.0,Sell
ADVANC,2025-10-20 16:12:52.000,298.0,100,29800.0,Sell
ADVANC,2025-10-20 16:13:00.000,298.0,300,89400.0,Sell
ADVANC,2025-10-20 16:13:04.000,299.0,200,59800.0,Buy
ADVANC,2025-10-20 16:13:06.000,299.0,500,149500.0,Buy
ADVANC,2025-10-20 16:13:18.000,298.0,2,596.0,Odd
ADVANC,2025-10-20 16:13:19.000,298.0,200,59600.0,Sell
ADVANC,2025-10-20 16:13:20.000,298.0,300,89400.0,Sell
ADVANC,2025-10-20 16:13:23.000,298.0,300,89400.0,Sell
ADVANC,2025-10-20 16:13:23.000,298.0,200,59600.0,Sell
ADVANC,2025-10-20 16:13:27.000,298.0,100,29800.0,Sell
ADVANC,2025-10-20 16:13:32.000,298.0,200,59600.0,Sell
ADVANC,2025-10-20 16:13:33.000,299.0,800,239200.0,Buy
ADVANC,2025-10-20 16:13:39.000,298.0,20,5960.0,Odd
ADVANC,2025-10-20 16:13:43.000,299.0,300,89700.0,Buy
ADVANC,2025-10-20 16:13:43.000,298.0,100,29800.0,Sell
ADVANC,2025-10-20 16:13:43.000,298.0,400,119200.0,Sell
ADVANC,2025-10-20 16:13:43.000,298.0,500,149000.0,Sell
ADVANC,2025-10-20 16:13:43.000,298.0,700,208600.0,Sell
ADVANC,2025-10-20 16:13:52.000,298.0,300,89400.0,Sell
ADVANC,2025-10-20 16:13:53.000,298.0,300,89400.0,Sell
ADVANC,2025-10-20 16:14:04.000,298.0,300,89400.0,Sell
ADVANC,2025-10-20 16:14:07.000,298.0,700,208600.0,Sell
ADVANC,2025-10-20 16:14:23.000,298.0,300,89400.0,Sell
ADVANC,2025-10-20 16:14:24.000,298.0,300,89400.0,Sell
ADVANC,2025-10-20 16:14:24.000,298.0,100,29800.0,Sell
ADVANC,2025-10-20 16:14:30.000,298.0,300,89400.0,Sell
ADVANC,2025-10-20 16:14:48.000,298.0,1500,447000.0,Sell
ADVANC,2025-10-20 16:14:56.000,298.0,300,89400.0,Sell
ADVANC,2025-10-20 16:14:59.000,298.0,2900,864200.0,Sell
ADVANC,2025-10-20 16:15:04.000,298.0,300,89400.0,Sell
ADVANC,2025-10-20 16:15:05.000,298.0,300,89400.0,Sell
ADVANC,2025-10-20 16:15:06.000,298.0,200,59600.0,Sell
ADVANC,2025-10-20 16:15:07.000,298.0,100,29800.0,Sell
ADVANC,2025-10-20 16:15:22.000,298.0,200,59600.0,Sell
ADVANC,2025-10-20 16:15:25.000,298.0,300,89400.0,Sell
ADVANC,2025-10-20 16:15:40.000,298.0,200,59600.0,Sell
ADVANC,2025-10-20 16:15:40.000,299.0,300,89700.0,Buy
ADVANC,2025-10-20 16:15:57.000,298.0,200,59600.0,Sell
ADVANC,2025-10-20 16:15:58.000,298.0,300,89400.0,Sell
ADVANC,2025-10-20 16:15:59.000,298.0,100,29800.0,Sell
ADVANC,2025-10-20 16:16:06.000,298.0,100,29800.0,Sell
ADVANC,2025-10-20 16:16:07.000,298.0,2700,804600.0,Sell
ADVANC,2025-10-20 16:16:15.000,298.0,200,59600.0,Sell
ADVANC,2025-10-20 16:16:17.000,298.0,600,178800.0,Sell
ADVANC,2025-10-20 16:16:27.000,298.0,100,29800.0,Sell
ADVANC,2025-10-20 16:16:28.000,298.0,300,89400.0,Sell
ADVANC,2025-10-20 16:16:31.000,298.0,200,59600.0,Sell
ADVANC,2025-10-20 16:16:48.000,298.0,200,59600.0,Sell
ADVANC,2025-10-20 16:17:01.000,298.0,300,89400.0,Sell
ADVANC,2025-10-20 16:17:07.000,298.0,200,59600.0,Sell
ADVANC,2025-10-20 16:17:09.000,299.0,100,29900.0,Buy
ADVANC,2025-10-20 16:17:11.000,298.0,100,29800.0,Sell
ADVANC,2025-10-20 16:17:11.000,298.0,1100,327800.0,Sell
ADVANC,2025-10-20 16:17:11.000,298.0,400,119200.0,Sell
ADVANC,2025-10-20 16:17:11.000,298.0,700,208600.0,Sell
ADVANC,2025-10-20 16:17:11.000,298.0,2400,715200.0,Sell
ADVANC,2025-10-20 16:17:17.000,298.0,800,238400.0,Sell
ADVANC,2025-10-20 16:17:17.000,298.0,100,29800.0,Sell
ADVANC,2025-10-20 16:17:19.000,298.0,100,29800.0,Sell
ADVANC,2025-10-20 16:17:32.000,298.0,100,29800.0,Sell
ADVANC,2025-10-20 16:17:43.000,298.0,300,89400.0,Sell
ADVANC,2025-10-20 16:17:46.000,298.0,100,29800.0,Sell
ADVANC,2025-10-20 16:17:46.000,298.0,200,59600.0,Sell
ADVANC,2025-10-20 16:17:58.000,298.0,300,89400.0,Sell
ADVANC,2025-10-20 16:17:58.000,299.0,100,29900.0,Buy
ADVANC,2025-10-20 16:17:59.000,298.0,100,29800.0,Sell
ADVANC,2025-10-20 16:18:02.000,298.0,100,29800.0,Sell
ADVANC,2025-10-20 16:18:05.000,298.0,300,89400.0,Sell
ADVANC,2025-10-20 16:18:07.000,298.0,2200,655600.0,Sell
ADVANC,2025-10-20 16:18:09.000,298.0,300,89400.0,Sell
ADVANC,2025-10-20 16:18:12.000,298.0,100,29800.0,Sell
ADVANC,2025-10-20 16:18:16.000,298.0,200,59600.0,Sell
ADVANC,2025-10-20 16:18:21.000,298.0,200,59600.0,Sell
ADVANC,2025-10-20 16:18:40.000,298.0,300,89400.0,Sell
ADVANC,2025-10-20 16:18:47.000,298.0,100,29800.0,Sell
ADVANC,2025-10-20 16:18:48.000,297.0,13,3861.0,Odd
ADVANC,2025-10-20 16:18:48.000,297.0,10,2970.0,Odd
ADVANC,2025-10-20 16:18:58.000,298.0,300,89400.0,Sell
ADVANC,2025-10-20 16:18:59.000,298.0,400,119200.0,Sell
ADVANC,2025-10-20 16:18:59.000,298.0,300,89400.0,Sell
ADVANC,2025-10-20 16:18:59.000,298.0,100,29800.0,Sell
ADVANC,2025-10-20 16:18:59.000,298.0,900,268200.0,Sell
ADVANC,2025-10-20 16:18:59.000,298.0,800,238400.0,Sell
ADVANC,2025-10-20 16:18:59.000,298.0,10200,3039600.0,Sell
ADVANC,2025-10-20 16:18:59.000,298.0,500,149000.0,Sell
ADVANC,2025-10-20 16:18:59.000,298.0,1100,327800.0,Sell
ADVANC,2025-10-20 16:18:59.000,298.0,25400,7569200.0,Sell
ADVANC,2025-10-20 16:19:13.000,298.0,300,89400.0,Sell
ADVANC,2025-10-20 16:19:13.000,298.0,100,29800.0,Sell
ADVANC,2025-10-20 16:19:13.000,298.0,700,208600.0,Sell
ADVANC,2025-10-20 16:19:13.000,298.0,200,59600.0,Sell
ADVANC,2025-10-20 16:19:13.000,298.0,2600,774800.0,Sell
ADVANC,2025-10-20 16:19:13.000,298.0,4200,1251600.0,Sell
ADVANC,2025-10-20 16:19:14.000,298.0,200,59600.0,Sell
ADVANC,2025-10-20 16:19:19.000,298.0,100,29800.0,Sell
ADVANC,2025-10-20 16:19:30.000,298.0,500,149000.0,Sell
ADVANC,2025-10-20 16:19:30.000,298.0,100,29800.0,Sell
ADVANC,2025-10-20 16:19:30.000,298.0,300,89400.0,Sell
ADVANC,2025-10-20 16:19:30.000,298.0,200,59600.0,Sell
ADVANC,2025-10-20 16:19:30.000,298.0,2400,715200.0,Sell
ADVANC,2025-10-20 16:19:30.000,298.0,1000,298000.0,Sell
ADVANC,2025-10-20 16:19:32.000,298.0,400,119200.0,Sell
ADVANC,2025-10-20 16:19:32.000,298.0,100,29800.0,Sell
ADVANC,2025-10-20 16:19:32.000,298.0,200,59600.0,Sell
ADVANC,2025-10-20 16:19:42.000,298.0,23,6854.0,Odd
ADVANC,2025-10-20 16:19:42.000,298.0,1,298.0,Odd
ADVANC,2025-10-20 16:19:44.000,298.0,300,89400.0,Sell
ADVANC,2025-10-20 16:19:46.000,298.0,300,89400.0,Sell
ADVANC,2025-10-20 16:19:46.000,298.0,1200,357600.0,Sell
ADVANC,2025-10-20 16:19:48.000,298.0,100,29800.0,Sell
ADVANC,2025-10-20 16:19:49.000,298.0,1700,506600.0,Sell
ADVANC,2025-10-20 16:19:49.000,298.0,2800,834400.0,Sell
ADVANC,2025-10-20 16:19:50.000,298.0,200,59600.0,Sell
ADVANC,2025-10-20 16:19:51.000,299.0,9,2691.0,Odd
ADVANC,2025-10-20 16:19:51.000,299.0,50,14950.0,Odd
ADVANC,2025-10-20 16:19:51.000,299.0,1,299.0,Odd
ADVANC,2025-10-20 16:19:58.000,298.0,100,29800.0,Sell
ADVANC,2025-10-20 16:20:08.000,298.0,300,89400.0,Sell
ADVANC,2025-10-20 16:20:09.000,298.0,200,59600.0,Sell
ADVANC,2025-10-20 16:20:27.000,298.0,300,89400.0,Sell
ADVANC,2025-10-20 16:20:27.000,298.0,200,59600.0,Sell
ADVANC,2025-10-20 16:20:45.000,298.0,300,89400.0,Sell
ADVANC,2025-10-20 16:20:50.000,298.0,1600,476800.0,Sell
ADVANC,2025-10-20 16:20:57.000,298.0,100,29800.0,Sell
ADVANC,2025-10-20 16:20:57.000,298.0,200,59600.0,Sell
ADVANC,2025-10-20 16:21:01.000,298.0,300,89400.0,Sell
ADVANC,2025-10-20 16:21:03.000,298.0,200,59600.0,Sell
ADVANC,2025-10-20 16:21:03.000,298.0,2000,596000.0,Sell
ADVANC,2025-10-20 16:21:25.000,298.0,300,89400.0,Sell
ADVANC,2025-10-20 16:21:31.000,298.0,800,238400.0,Sell
ADVANC,2025-10-20 16:21:33.000,298.0,200,59600.0,Sell
ADVANC,2025-10-20 16:21:33.000,298.0,100,29800.0,Sell
ADVANC,2025-10-20 16:21:51.000,298.0,200,59600.0,Sell
ADVANC,2025-10-20 16:21:57.000,298.0,1500,447000.0,Sell
ADVANC,2025-10-20 16:22:06.000,298.0,100,29800.0,Sell
ADVANC,2025-10-20 16:22:09.000,298.0,300,89400.0,Sell
ADVANC,2025-10-20 16:22:09.000,298.0,200,59600.0,Sell
ADVANC,2025-10-20 16:22:11.000,298.0,5,1490.0,Odd
ADVANC,2025-10-20 16:22:16.000,299.0,800,239200.0,Buy
ADVANC,2025-10-20 16:22:23.000,298.0,300,89400.0,Sell
ADVANC,2025-10-20 16:22:27.000,298.0,200,59600.0,Sell
ADVANC,2025-10-20 16:22:37.000,298.0,2000,596000.0,Sell
ADVANC,2025-10-20 16:22:38.000,298.0,100,29800.0,Sell
ADVANC,2025-10-20 16:22:47.000,298.0,3000,894000.0,Sell
ADVANC,2025-10-20 16:23:00.000,298.0,300,89400.0,Sell
ADVANC,2025-10-20 16:23:00.000,298.0,1300,387400.0,Sell
ADVANC,2025-10-20 16:23:18.000,298.0,200,59600.0,Sell
ADVANC,2025-10-20 16:23:25.000,298.0,300,89400.0,Sell
ADVANC,2025-10-20 16:23:32.000,298.0,100,29800.0,Sell
ADVANC,2025-10-20 16:23:37.000,298.0,300,89400.0,Sell
ADVANC,2025-10-20 16:23:54.000,298.0,1200,357600.0,Sell
ADVANC,2025-10-20 16:23:54.000,298.0,300,89400.0,Sell
ADVANC,2025-10-20 16:24:01.000,298.0,300,89400.0,Sell
ADVANC,2025-10-20 16:24:01.000,298.0,100,29800.0,Sell
ADVANC,2025-10-20 16:24:07.000,298.0,300,89400.0,Sell
ADVANC,2025-10-20 16:24:25.000,298.0,100,29800.0,Sell
ADVANC,2025-10-20 16:24:25.000,298.0,200,59600.0,Sell
ADVANC,2025-10-20 16:24:33.000,298.0,100,29800.0,Sell
ADVANC,2025-10-20 16:24:35.000,298.0,300,89400.0,Sell
ADVANC,2025-10-20 16:24:40.000,298.0,200,59600.0,Sell
ADVANC,2025-10-20 16:24:41.000,298.0,1,298.0,Odd
ADVANC,2025-10-20 16:24:45.000,298.0,1100,327800.0,Sell
ADVANC,2025-10-20 16:24:57.000,298.0,200,59600.0,Sell
ADVANC,2025-10-20 16:25:15.000,298.0,300,89400.0,Sell
ADVANC,2025-10-20 16:25:16.000,298.0,100,29800.0,Sell
ADVANC,2025-10-20 16:25:20.000,298.0,1000,298000.0,Sell
ADVANC,2025-10-20 16:25:30.000,298.0,1,298.0,Odd
ADVANC,2025-10-20 16:25:34.000,298.0,300,89400.0,Sell
ADVANC,2025-10-20 16:25:36.000,299.0,700,209300.0,Buy
ADVANC,2025-10-20 16:25:41.000,298.0,1,298.0,Odd
ADVANC,2025-10-20 16:25:41.000,298.0,3000,894000.0,Sell
ADVANC,2025-10-20 16:25:42.000,298.0,700,208600.0,Sell
ADVANC,2025-10-20 16:25:47.000,298.0,900,268200.0,Sell
ADVANC,2025-10-20 16:25:47.000,298.0,300,89400.0,Sell
ADVANC,2025-10-20 16:25:51.000,298.0,100,29800.0,Sell
ADVANC,2025-10-20 16:26:00.000,298.0,2000,596000.0,Sell
ADVANC,2025-10-20 16:26:01.000,298.0,300,89400.0,Sell
ADVANC,2025-10-20 16:26:03.000,298.0,100,29800.0,Sell
ADVANC,2025-10-20 16:26:09.000,298.0,300,89400.0,Sell
ADVANC,2025-10-20 16:26:11.000,298.0,800,238400.0,Sell
ADVANC,2025-10-20 16:26:13.000,298.0,100,29800.0,Sell
ADVANC,2025-10-20 16:26:16.000,298.0,200,59600.0,Sell
ADVANC,2025-10-20 16:26:28.000,298.0,300,89400.0,Sell
ADVANC,2025-10-20 16:26:33.000,298.0,700,208600.0,Sell
ADVANC,2025-10-20 16:26:35.000,298.0,100,29800.0,Sell
ADVANC,2025-10-20 16:26:45.000,298.0,200,59600.0,Sell
