Order Number,owner,Volume,Price,Side,Symbol,Timestamp
ORD00001,YokAndPun,100,26.75,Buy,RATCH,2025-09-17 09:59:50
ORD00002,YokAndPun,100,11.299999999999999,Buy,TRUE,2025-09-17 09:59:02
ORD00003,YokAndPun,100,26.75,Buy,RATCH,2025-09-17 09:59:50
ORD00004,YokAndPun,100,6.1,Buy,CCET,2025-09-17 09:59:27
ORD00005,YokAndPun,100,6.1,Buy,CCET,2025-09-17 09:59:27
ORD00006,YokAndPun,100,26.75,Buy,RATCH,2025-09-17 10:05:09
ORD00007,YokAndPun,100,11.299999999999999,Buy,TRUE,2025-09-17 10:01:25
ORD00008,YokAndPun,100,12.5,Buy,TU,2025-09-17 10:00:33
ORD00009,YokAndPun,100,26.75,Buy,RATCH,2025-09-17 10:09:31
ORD00010,YokAndPun,100,30.75,Buy,KTC,2025-09-17 09:59:28
ORD00011,YokAndPun,100,6.1,Buy,CCET,2025-09-17 10:00:26
ORD00012,YokAndPun,100,26.75,Buy,RATCH,2025-09-17 10:13:58
ORD00013,YokAndPun,100,12.5,Buy,TU,2025-09-17 10:01:43
ORD00014,YokAndPun,100,31.75,Buy,BCP,2025-09-17 10:01:46
ORD00015,YokAndPun,100,30.75,Buy,KTC,2025-09-17 09:59:35
ORD00016,YokAndPun,100,37.25,Buy,TOP,2025-09-17 10:00:26
ORD00017,YokAndPun,100,31.75,Sell,BCP,2025-09-17 10:03:02
ORD00018,YokAndPun,100,12.5,Buy,TU,2025-09-17 10:02:23
ORD00019,YokAndPun,100,10.7,Buy,TLI,2025-09-17 09:58:54
ORD00020,YokAndPun,100,12.5,Buy,TU,2025-09-17 10:03:54
ORD00021,YokAndPun,100,6.1,Buy,CCET,2025-09-17 10:02:00
ORD00022,YokAndPun,100,58.75,Buy,KKP,2025-09-17 10:01:06
ORD00023,YokAndPun,100,12.5,Buy,TU,2025-09-17 10:03:56
ORD00024,YokAndPun,100,6.1,Buy,CCET,2025-09-17 10:02:24
ORD00025,YokAndPun,100,58.0,Buy,CPN,2025-09-17 10:07:53
ORD00026,YokAndPun,100,58.25,Sell,CPN,2025-09-17 10:10:07
ORD00027,YokAndPun,100,30.75,Buy,KTC,2025-09-17 10:00:05
ORD00028,YokAndPun,100,33.5,Buy,PTT,2025-09-17 10:01:17
ORD00029,YokAndPun,100,30.75,Buy,KTC,2025-09-17 10:00:10
ORD00030,YokAndPun,100,25.5,Buy,KTB,2025-09-17 10:04:33
ORD00031,YokAndPun,100,25.5,Buy,KTB,2025-09-17 10:05:12
ORD00032,YokAndPun,100,25.5,Buy,KTB,2025-09-17 10:05:47
ORD00033,YokAndPun,100,7.85,Buy,HMPRO,2025-09-17 10:02:27
ORD00034,YokAndPun,100,2.5,Buy,AWC,2025-09-17 10:00:52
ORD00035,YokAndPun,100,37.25,Buy,TOP,2025-09-17 10:02:52
ORD00036,YokAndPun,100,25.25,Buy,CRC,2025-09-17 10:01:14
ORD00037,YokAndPun,100,10.700000000000001,Sell,TLI,2025-09-17 09:59:59
ORD00038,YokAndPun,100,5.3999999999999995,Buy,BEM,2025-09-17 09:59:46
ORD00039,YokAndPun,100,183.0,Buy,BH,2025-09-17 10:01:05
ORD00040,YokAndPun,100,184.0,Sell,BH,2025-09-17 10:01:14
ORD00041,YokAndPun,100,5.3999999999999995,Buy,BEM,2025-09-17 10:00:23
ORD00042,YokAndPun,100,5.3999999999999995,Buy,BEM,2025-09-17 10:00:24
ORD00043,YokAndPun,100,25.5,Buy,COM7,2025-09-17 10:00:54
ORD00044,YokAndPun,100,2.5,Sell,AWC,2025-09-17 10:01:16
ORD00045,YokAndPun,100,59.0,Sell,KKP,2025-09-17 10:10:52
ORD00046,YokAndPun,100,25.5,Buy,COM7,2025-09-17 10:01:29
ORD00047,YokAndPun,100,10.7,Buy,TLI,2025-09-17 10:02:53
ORD00048,YokAndPun,100,5.3999999999999995,Buy,BEM,2025-09-17 10:00:57
ORD00049,YokAndPun,100,25.5,Buy,KTB,2025-09-17 10:08:29
ORD00050,YokAndPun,100,5.3999999999999995,Buy,BEM,2025-09-17 10:01:23
ORD00051,YokAndPun,100,19.200000000000003,Buy,SCGP,2025-09-17 09:59:10
ORD00052,YokAndPun,100,25.5,Buy,COM7,2025-09-17 10:01:44
ORD00053,YokAndPun,100,14.4,Buy,OR,2025-09-17 10:03:53
ORD00054,YokAndPun,100,19.299999999999997,Sell,SCGP,2025-09-17 09:59:12
ORD00055,YokAndPun,100,25.5,Buy,COM7,2025-09-17 10:02:00
ORD00056,YokAndPun,100,25.5,Buy,KTB,2025-09-17 10:09:06
ORD00057,YokAndPun,100,30.75,Sell,KTC,2025-09-17 10:00:34
ORD00059,YokAndPun,100,30.75,Sell,KTC,2025-09-17 10:00:34
ORD00061,YokAndPun,100,25.5,Buy,COM7,2025-09-17 10:02:03
ORD00062,YokAndPun,100,30.75,Sell,KTC,2025-09-17 10:00:34
ORD00064,YokAndPun,100,30.75,Sell,KTC,2025-09-17 10:00:34
ORD00065,YokAndPun,100,30.75,Buy,KTC,2025-09-17 10:00:35
ORD00066,YokAndPun,100,30.75,Sell,KTC,2025-09-17 10:00:40
ORD00067,YokAndPun,100,30.75,Buy,KTC,2025-09-17 10:00:47
ORD00068,YokAndPun,100,32.25,Buy,BCP,2025-09-17 10:04:15
ORD00069,YokAndPun,100,7.8,Buy,HMPRO,2025-09-17 10:03:12
ORD00070,YokAndPun,100,30.75,Buy,KTC,2025-09-17 10:00:47
ORD00071,YokAndPun,100,30.75,Sell,KTC,2025-09-17 10:00:51
ORD00073,YokAndPun,100,50.75,Buy,TCAP,2025-09-17 10:21:03
ORD00074,YokAndPun,100,30.75,Sell,KTC,2025-09-17 10:00:51
ORD00075,YokAndPun,100,2.5,Buy,AWC,2025-09-17 10:02:28
ORD00076,YokAndPun,100,2.5,Buy,AWC,2025-09-17 10:03:09
ORD00077,YokAndPun,100,7.75,Buy,HMPRO,2025-09-17 10:05:11
ORD00078,YokAndPun,100,11.3,Sell,TRUE,2025-09-17 10:05:00
ORD00080,YokAndPun,100,11.3,Sell,TRUE,2025-09-17 10:05:00
ORD00081,YokAndPun,100,50.5,Buy,TCAP,2025-09-17 10:21:09
ORD00082,YokAndPun,100,50.5,Buy,TCAP,2025-09-17 10:21:09
ORD00083,YokAndPun,100,12.5,Sell,TU,2025-09-17 10:15:59
ORD00085,YokAndPun,100,12.5,Sell,TU,2025-09-17 10:15:59
ORD00087,YokAndPun,100,12.5,Sell,TU,2025-09-17 10:15:59
ORD00088,YokAndPun,100,50.5,Buy,TCAP,2025-09-17 10:21:09
ORD00089,YokAndPun,100,2.5,Buy,AWC,2025-09-17 10:04:53
ORD00090,YokAndPun,100,40.25,Buy,GPSC,2025-09-17 10:11:32
ORD00091,YokAndPun,100,40.25,Buy,GPSC,2025-09-17 10:12:29
ORD00092,YokAndPun,100,14.299999999999999,Buy,OR,2025-09-17 10:04:12
ORD00093,YokAndPun,100,40.25,Buy,GPSC,2025-09-17 10:12:52
ORD00094,YokAndPun,100,37.25,Buy,TOP,2025-09-17 10:13:09
ORD00095,YokAndPun,100,12.5,Buy,TU,2025-09-17 10:19:17
ORD00096,YokAndPun,100,14.299999999999999,Buy,OR,2025-09-17 10:04:30
ORD00097,YokAndPun,100,7.8,Buy,HMPRO,2025-09-17 10:09:33
ORD00098,YokAndPun,100,14.299999999999999,Buy,OR,2025-09-17 10:04:38
ORD00099,YokAndPun,100,12.5,Buy,TU,2025-09-17 10:21:21
ORD00100,YokAndPun,100,31.0,Buy,KTC,2025-09-17 10:00:57
ORD00101,YokAndPun,100,2.5,Sell,AWC,2025-09-17 10:05:47
ORD00103,YokAndPun,100,2.5,Sell,AWC,2025-09-17 10:05:47
ORD00104,YokAndPun,100,12.5,Buy,TU,2025-09-17 10:22:23
ORD00105,YokAndPun,100,31.0,Buy,KTC,2025-09-17 10:01:02
ORD00106,YokAndPun,100,2.5,Buy,AWC,2025-09-17 10:05:49
ORD00107,YokAndPun,100,31.0,Buy,KTC,2025-09-17 10:01:03
ORD00108,YokAndPun,100,40.0,Buy,GPSC,2025-09-17 10:18:02
ORD00109,YokAndPun,100,59.0,Buy,KKP,2025-09-17 10:32:27
ORD00110,YokAndPun,100,59.0,Buy,KKP,2025-09-17 10:32:27
ORD00111,YokAndPun,100,28.0,Buy,PTTGC,2025-09-17 10:11:07
ORD00112,YokAndPun,100,28.0,Buy,PTTGC,2025-09-17 10:12:19
ORD00113,YokAndPun,100,31.0,Buy,KTC,2025-09-17 10:01:09
ORD00114,YokAndPun,100,28.0,Buy,PTTGC,2025-09-17 10:12:24
ORD00115,YokAndPun,100,32.0,Buy,BCP,2025-09-17 10:12:41
ORD00116,YokAndPun,100,20.6,Buy,TIDLOR,2025-09-17 10:20:09
ORD00117,YokAndPun,100,32.0,Buy,BCP,2025-09-17 10:12:50
ORD00118,YokAndPun,100,20.6,Buy,TIDLOR,2025-09-17 10:20:10
ORD00119,YokAndPun,100,32.0,Buy,BCP,2025-09-17 10:14:45
ORD00120,YokAndPun,100,2.5,Buy,AWC,2025-09-17 10:07:20
ORD00121,YokAndPun,100,10.7,Buy,TLI,2025-09-17 10:13:52
ORD00122,YokAndPun,100,32.0,Buy,BCP,2025-09-17 10:17:12
ORD00123,YokAndPun,100,10.7,Buy,TLI,2025-09-17 10:14:00
ORD00124,YokAndPun,100,10.7,Buy,TLI,2025-09-17 10:14:00
ORD00125,YokAndPun,100,37.25,Buy,TOP,2025-09-17 10:19:15
ORD00126,YokAndPun,100,40.0,Buy,GPSC,2025-09-17 10:18:39
ORD00127,YokAndPun,100,2.5,Buy,AWC,2025-09-17 10:09:22
ORD00128,YokAndPun,100,2.5,Buy,AWC,2025-09-17 10:10:20
ORD00129,YokAndPun,100,11.299999999999999,Buy,TRUE,2025-09-17 10:11:48
ORD00130,YokAndPun,100,10.7,Buy,TLI,2025-09-17 10:16:18
ORD00131,YokAndPun,100,23.5,Buy,CPF,2025-09-17 10:06:24
ORD00132,YokAndPun,100,11.3,Sell,TRUE,2025-09-17 10:12:15
ORD00133,YokAndPun,100,23.6,Buy,CPF,2025-09-17 10:06:25
ORD00134,YokAndPun,100,11.299999999999999,Buy,TRUE,2025-09-17 10:12:17
ORD00135,YokAndPun,100,23.6,Buy,CPF,2025-09-17 10:06:33
ORD00136,YokAndPun,100,11.299999999999999,Buy,TRUE,2025-09-17 10:12:20
ORD00137,YokAndPun,100,33.5,Buy,PTT,2025-09-17 10:03:03
ORD00138,YokAndPun,100,23.5,Buy,CPF,2025-09-17 10:06:43
ORD00139,YokAndPun,100,23.5,Buy,CPF,2025-09-17 10:06:43
ORD00140,YokAndPun,100,24.5,Sell,CRC,2025-09-17 10:04:10
ORD00141,YokAndPun,100,28.0,Buy,PTTGC,2025-09-17 10:24:15
ORD00142,YokAndPun,100,11.299999999999999,Buy,TRUE,2025-09-17 10:14:00
ORD00143,YokAndPun,100,11.3,Sell,TRUE,2025-09-17 10:14:12
ORD00145,YokAndPun,100,11.3,Sell,TRUE,2025-09-17 10:14:12
ORD00146,YokAndPun,100,11.299999999999999,Buy,TRUE,2025-09-17 10:14:18
ORD00147,YokAndPun,100,7.8,Buy,HMPRO,2025-09-17 10:12:02
ORD00148,YokAndPun,100,11.299999999999999,Buy,TRUE,2025-09-17 10:15:13
ORD00149,YokAndPun,100,11.299999999999999,Buy,TRUE,2025-09-17 10:15:20
ORD00150,YokAndPun,100,11.299999999999999,Buy,TRUE,2025-09-17 10:18:38
ORD00151,YokAndPun,100,39.75,Buy,AOT,2025-09-17 10:02:48
ORD00152,YokAndPun,100,27.75,Buy,PTTGC,2025-09-17 10:32:54
ORD00153,YokAndPun,100,7.8,Sell,HMPRO,2025-09-17 10:16:15
ORD00154,YokAndPun,100,7.8,Sell,HMPRO,2025-09-17 10:17:44
ORD00155,YokAndPun,100,31.0,Buy,KTC,2025-09-17 10:02:18
ORD00156,YokAndPun,100,2.5,Sell,AWC,2025-09-17 10:17:38
ORD00158,YokAndPun,100,2.5,Sell,AWC,2025-09-17 10:17:38
ORD00160,YokAndPun,100,2.5,Sell,AWC,2025-09-17 10:17:38
ORD00161,YokAndPun,100,5.05,Buy,BANPU,2025-09-17 10:02:37
ORD00162,YokAndPun,100,4.9799999999999995,Buy,BANPU,2025-09-17 10:02:41
ORD00163,YokAndPun,100,7.8,Sell,HMPRO,2025-09-17 10:21:11
ORD00164,YokAndPun,100,5.0,Sell,BANPU,2025-09-17 10:03:09
ORD00165,YokAndPun,100,5.0,Sell,BANPU,2025-09-17 10:03:10
ORD00166,YokAndPun,100,5.05,Buy,BANPU,2025-09-17 10:03:19
ORD00167,YokAndPun,100,5.05,Buy,BANPU,2025-09-17 10:03:22
ORD00168,YokAndPun,100,1.8800000000000001,Buy,TTB,2025-09-17 10:16:14
ORD00169,YokAndPun,100,27.75,Sell,PTTGC,2025-09-17 10:50:15
ORD00170,YokAndPun,100,27.75,Sell,PTTGC,2025-09-17 10:51:24
ORD00171,YokAndPun,100,27.75,Sell,PTTGC,2025-09-17 10:52:07
ORD00172,YokAndPun,100,27.75,Sell,PTTGC,2025-09-17 10:52:50
ORD00173,YokAndPun,100,7.8,Buy,HMPRO,2025-09-17 10:23:46
ORD00174,YokAndPun,100,5.05,Buy,BANPU,2025-09-17 10:03:49
ORD00175,YokAndPun,100,27.75,Sell,PTTGC,2025-09-17 10:54:19
ORD00176,YokAndPun,100,37.0,Buy,TOP,2025-09-17 10:34:40
ORD00177,YokAndPun,100,5.05,Buy,BANPU,2025-09-17 10:04:13
ORD00178,YokAndPun,100,28.0,Buy,PTTGC,2025-09-17 11:00:06
ORD00179,YokAndPun,100,33.5,Buy,PTT,2025-09-17 10:06:24
ORD00180,YokAndPun,100,33.5,Buy,PTT,2025-09-17 10:06:41
ORD00181,YokAndPun,100,28.0,Buy,PTTGC,2025-09-17 11:00:42
ORD00182,YokAndPun,100,5.05,Buy,BANPU,2025-09-17 10:05:12
ORD00183,YokAndPun,100,39.5,Buy,AOT,2025-09-17 10:04:09
ORD00184,YokAndPun,100,28.0,Buy,PTTGC,2025-09-17 11:01:58
ORD00185,YokAndPun,100,33.5,Buy,PTT,2025-09-17 10:07:43
ORD00186,YokAndPun,100,28.0,Buy,PTTGC,2025-09-17 11:03:49
ORD00187,YokAndPun,100,28.0,Buy,PTTGC,2025-09-17 11:07:14
ORD00188,YokAndPun,100,14.299999999999999,Buy,OR,2025-09-17 10:19:05
ORD00189,YokAndPun,100,39.5,Buy,AOT,2025-09-17 10:04:33
ORD00190,YokAndPun,100,7.8,Buy,HMPRO,2025-09-17 10:28:08
ORD00191,YokAndPun,100,7.8,Buy,HMPRO,2025-09-17 10:28:08
ORD00192,YokAndPun,100,2.5,Sell,AWC,2025-09-17 10:23:41
ORD00194,YokAndPun,100,24.700000000000003,Buy,CRC,2025-09-17 10:27:39
ORD00195,YokAndPun,100,20.400000000000002,Buy,TIDLOR,2025-09-17 10:53:11
ORD00196,YokAndPun,100,2.5,Sell,AWC,2025-09-17 10:25:34
ORD00197,YokAndPun,100,28.0,Sell,PTTGC,2025-09-17 11:19:18
ORD00199,YokAndPun,100,28.0,Sell,PTTGC,2025-09-17 11:19:18
ORD00201,YokAndPun,100,28.0,Sell,PTTGC,2025-09-17 11:19:18
ORD00202,YokAndPun,100,28.0,Sell,PTTGC,2025-09-17 11:19:19
ORD00204,YokAndPun,100,28.0,Sell,PTTGC,2025-09-17 11:19:33
ORD00205,YokAndPun,100,28.25,Buy,PTTGC,2025-09-17 11:19:59
ORD00206,YokAndPun,100,28.25,Buy,PTTGC,2025-09-17 11:20:34
ORD00207,YokAndPun,100,20.5,Sell,TIDLOR,2025-09-17 11:00:49
ORD00208,YokAndPun,100,2.5,Buy,AWC,2025-09-17 10:33:51
ORD00209,YokAndPun,100,2.5,Buy,AWC,2025-09-17 10:34:34
ORD00210,YokAndPun,100,3.8,Buy,WHA,2025-09-17 10:21:54
ORD00211,YokAndPun,100,2.5,Sell,AWC,2025-09-17 10:40:52
ORD00213,YokAndPun,100,28.25,Buy,PTTGC,2025-09-17 11:26:36
ORD00214,YokAndPun,100,2.5,Buy,AWC,2025-09-17 10:49:43
ORD00215,YokAndPun,100,28.25,Buy,PTTGC,2025-09-17 11:29:56
ORD00216,YokAndPun,100,2.5,Sell,AWC,2025-09-17 10:51:20
ORD00218,YokAndPun,100,2.5,Sell,AWC,2025-09-17 10:51:20
ORD00219,YokAndPun,100,2.5,Buy,AWC,2025-09-17 10:52:21
ORD00220,YokAndPun,100,42.5,Buy,MTC,2025-09-17 10:56:10
ORD00221,YokAndPun,100,2.5,Buy,AWC,2025-09-17 10:52:32
ORD00222,YokAndPun,100,42.5,Buy,MTC,2025-09-17 10:56:19
ORD00223,YokAndPun,100,20.3,Buy,TIDLOR,2025-09-17 11:10:12
ORD00224,YokAndPun,100,20.3,Buy,TIDLOR,2025-09-17 11:10:12
ORD00225,YokAndPun,100,28.25,Buy,PTTGC,2025-09-17 11:33:57
ORD00226,YokAndPun,100,2.5,Buy,AWC,2025-09-17 11:23:01
ORD00227,YokAndPun,100,2.5,Buy,AWC,2025-09-17 11:35:13
ORD00228,YokAndPun,100,2.5,Buy,AWC,2025-09-17 11:38:21
ORD00229,YokAndPun,100,20.200000000000003,Buy,TIDLOR,2025-09-17 11:12:38
ORD00230,YokAndPun,100,39.5,Buy,AOT,2025-09-17 10:11:13
ORD00231,YokAndPun,100,3.34,Buy,BTS,2025-09-17 10:39:39
ORD00232,YokAndPun,100,39.5,Buy,AOT,2025-09-17 10:12:21
ORD00233,YokAndPun,100,3.34,Buy,BTS,2025-09-17 10:40:04
ORD00234,YokAndPun,100,56.5,Buy,CBG,2025-09-17 11:26:41
ORD00235,YokAndPun,100,37.25,Sell,TOP,2025-09-17 11:34:17
ORD00236,YokAndPun,100,37.25,Buy,TOP,2025-09-17 11:34:18
ORD00237,YokAndPun,100,37.25,Sell,TOP,2025-09-17 11:34:19
ORD00238,YokAndPun,100,37.25,Sell,TOP,2025-09-17 11:34:54
ORD00239,YokAndPun,100,37.25,Sell,TOP,2025-09-17 11:34:54
ORD00240,YokAndPun,100,37.25,Sell,TOP,2025-09-17 11:35:04
ORD00241,YokAndPun,100,58.75,Buy,KKP,2025-09-17 14:01:45
ORD00242,YokAndPun,100,11.3,Sell,TRUE,2025-09-17 11:49:37
ORD00244,YokAndPun,100,11.3,Sell,TRUE,2025-09-17 11:49:37
ORD00246,YokAndPun,100,11.3,Sell,TRUE,2025-09-17 11:49:37
ORD00247,YokAndPun,100,28.25,Sell,PTTGC,2025-09-17 12:10:01
ORD00249,YokAndPun,100,28.25,Sell,PTTGC,2025-09-17 12:10:01
ORD00251,YokAndPun,100,28.25,Sell,PTTGC,2025-09-17 12:10:01
ORD00252,YokAndPun,100,28.25,Sell,PTTGC,2025-09-17 12:10:01
ORD00254,YokAndPun,100,28.25,Sell,PTTGC,2025-09-17 12:10:01
ORD00255,YokAndPun,100,23.5,Buy,IVL,2025-09-17 10:22:52
ORD00256,YokAndPun,100,3.32,Buy,BTS,2025-09-17 10:43:11
ORD00257,YokAndPun,100,3.32,Buy,BTS,2025-09-17 10:43:11
ORD00258,YokAndPun,100,3.32,Buy,BTS,2025-09-17 10:43:11
ORD00259,YokAndPun,100,28.5,Buy,PTTGC,2025-09-17 12:10:09
ORD00260,YokAndPun,100,28.5,Buy,PTTGC,2025-09-17 12:10:09
ORD00261,YokAndPun,100,2.5,Sell,AWC,2025-09-17 12:10:05
ORD00263,YokAndPun,100,2.5,Sell,AWC,2025-09-17 12:10:05
ORD00265,YokAndPun,100,2.5,Sell,AWC,2025-09-17 12:10:05
ORD00266,YokAndPun,100,2.5,Sell,AWC,2025-09-17 12:10:05
ORD00268,YokAndPun,100,2.5,Sell,AWC,2025-09-17 12:10:20
ORD00269,YokAndPun,100,37.25,Buy,TOP,2025-09-17 11:49:06
ORD00270,YokAndPun,100,7.8500000000000005,Sell,HMPRO,2025-09-17 12:05:58
ORD00272,YokAndPun,100,7.8500000000000005,Sell,HMPRO,2025-09-17 12:05:58
ORD00274,YokAndPun,100,7.8500000000000005,Sell,HMPRO,2025-09-17 12:05:58
ORD00275,YokAndPun,100,7.8500000000000005,Sell,HMPRO,2025-09-17 12:05:58
ORD00277,YokAndPun,100,7.8500000000000005,Sell,HMPRO,2025-09-17 12:05:59
ORD00278,YokAndPun,100,11.299999999999999,Buy,TRUE,2025-09-17 11:54:20
ORD00279,YokAndPun,100,20.299999999999997,Sell,TIDLOR,2025-09-17 11:34:02
ORD00280,YokAndPun,100,28.25,Buy,PTTGC,2025-09-17 12:16:58
ORD00281,YokAndPun,100,20.4,Sell,TIDLOR,2025-09-17 11:34:56
ORD00283,YokAndPun,100,20.4,Sell,TIDLOR,2025-09-17 11:34:56
ORD00284,YokAndPun,100,28.25,Buy,PTTGC,2025-09-17 12:20:26
ORD00285,YokAndPun,100,20.299999999999997,Sell,TIDLOR,2025-09-17 11:35:15
ORD00286,YokAndPun,100,20.299999999999997,Sell,TIDLOR,2025-09-17 11:35:26
ORD00287,YokAndPun,100,11.299999999999999,Buy,TRUE,2025-09-17 11:59:04
ORD00288,YokAndPun,100,11.299999999999999,Buy,TRUE,2025-09-17 11:59:22
ORD00289,YokAndPun,100,28.25,Buy,PTTGC,2025-09-17 12:26:58
ORD00290,YokAndPun,100,4.46,Buy,LH,2025-09-17 10:58:42
ORD00291,YokAndPun,100,2.5,Buy,AWC,2025-09-17 14:02:14
ORD00292,YokAndPun,100,2.5,Buy,AWC,2025-09-17 14:02:56
ORD00293,YokAndPun,100,2.5,Buy,AWC,2025-09-17 14:04:33
ORD00294,YokAndPun,100,2.5,Buy,AWC,2025-09-17 14:06:33
ORD00295,YokAndPun,100,39.75,Sell,AOT,2025-09-17 10:17:26
ORD00297,YokAndPun,100,39.75,Sell,AOT,2025-09-17 10:17:26
ORD00299,YokAndPun,100,39.75,Sell,AOT,2025-09-17 10:17:27
ORD00301,YokAndPun,100,39.75,Sell,AOT,2025-09-17 10:17:27
ORD00302,YokAndPun,100,39.75,Sell,AOT,2025-09-17 10:17:28
ORD00303,YokAndPun,100,42.75,Sell,MTC,2025-09-17 11:43:34
ORD00305,YokAndPun,100,2.48,Buy,AWC,2025-09-17 14:06:40
ORD00306,YokAndPun,100,2.48,Sell,AWC,2025-09-17 14:06:41
ORD00307,YokAndPun,100,2.48,Sell,AWC,2025-09-17 14:06:41
ORD00308,YokAndPun,100,2.48,Sell,AWC,2025-09-17 14:06:41
ORD00309,YokAndPun,100,2.48,Sell,AWC,2025-09-17 14:06:51
ORD00310,YokAndPun,100,2.48,Sell,AWC,2025-09-17 14:06:51
ORD00311,YokAndPun,100,7.8999999999999995,Buy,HMPRO,2025-09-17 14:01:45
ORD00312,YokAndPun,100,27.5,Sell,PTTGC,2025-09-17 14:07:00
ORD00313,YokAndPun,100,27.5,Sell,PTTGC,2025-09-17 14:07:00
ORD00314,YokAndPun,100,56.75,Sell,CBG,2025-09-17 14:41:28
ORD00315,YokAndPun,100,28.0,Buy,PTTGC,2025-09-17 14:07:53
ORD00316,YokAndPun,100,11.3,Sell,TRUE,2025-09-17 12:09:21
ORD00318,YokAndPun,100,11.3,Sell,TRUE,2025-09-17 12:09:21
ORD00320,YokAndPun,100,11.3,Sell,TRUE,2025-09-17 12:09:21
ORD00321,YokAndPun,100,11.3,Sell,TRUE,2025-09-17 12:10:40
ORD00323,YokAndPun,100,39.75,Buy,AOT,2025-09-17 10:18:06
ORD00324,YokAndPun,100,11.3,Sell,TRUE,2025-09-17 12:11:44
ORD00325,YokAndPun,100,1.95,Buy,VGI,2025-09-17 10:47:14
ORD00326,YokAndPun,100,39.75,Buy,AOT,2025-09-17 10:18:37
ORD00327,YokAndPun,100,11.4,Buy,TRUE,2025-09-17 12:17:44
ORD00328,YokAndPun,100,2.48,Buy,AWC,2025-09-17 14:13:59
ORD00329,YokAndPun,100,2.48,Buy,AWC,2025-09-17 14:14:17
ORD00330,YokAndPun,100,42.75,Sell,MTC,2025-09-17 11:56:25
ORD00331,YokAndPun,100,11.4,Buy,TRUE,2025-09-17 12:18:59
ORD00332,YokAndPun,100,24.799999999999997,Sell,CRC,2025-09-17 12:03:39
ORD00333,YokAndPun,100,28.0,Sell,PTTGC,2025-09-17 14:25:39
ORD00334,YokAndPun,100,11.4,Buy,TRUE,2025-09-17 12:20:36
ORD00335,YokAndPun,100,11.4,Buy,TRUE,2025-09-17 12:20:50
ORD00336,YokAndPun,100,11.4,Buy,TRUE,2025-09-17 12:21:28
ORD00337,YokAndPun,100,28.0,Sell,PTTGC,2025-09-17 14:27:46
ORD00338,YokAndPun,100,2.48,Buy,AWC,2025-09-17 14:20:26
ORD00339,YokAndPun,100,2.48,Buy,AWC,2025-09-17 14:21:51
ORD00340,YokAndPun,100,37.25,Buy,TOP,2025-09-17 12:24:08
ORD00341,YokAndPun,100,28.0,Sell,PTTGC,2025-09-17 14:35:49
ORD00342,YokAndPun,100,37.25,Buy,TOP,2025-09-17 12:26:01
ORD00343,YokAndPun,100,2.5,Sell,AWC,2025-09-17 14:27:24
ORD00345,YokAndPun,100,2.5,Sell,AWC,2025-09-17 14:27:24
ORD00347,YokAndPun,100,2.48,Buy,AWC,2025-09-17 14:28:55
ORD00348,YokAndPun,100,2.48,Buy,AWC,2025-09-17 14:30:30
ORD00349,YokAndPun,100,1.94,Buy,VGI,2025-09-17 10:47:21
ORD00350,YokAndPun,100,58.75,Buy,KKP,2025-09-17 15:05:46
ORD00351,YokAndPun,100,1.94,Buy,VGI,2025-09-17 10:47:21
ORD00352,YokAndPun,100,1.94,Buy,VGI,2025-09-17 10:47:21
ORD00353,YokAndPun,100,2.48,Buy,AWC,2025-09-17 14:31:07
ORD00354,YokAndPun,100,39.75,Buy,AOT,2025-09-17 10:25:27
ORD00355,YokAndPun,100,37.25,Buy,TOP,2025-09-17 13:59:05
ORD00356,YokAndPun,100,28.0,Sell,PTTGC,2025-09-17 14:45:29
ORD00357,YokAndPun,100,25.5,Sell,COM7,2025-09-17 11:05:51
ORD00359,YokAndPun,100,25.5,Sell,COM7,2025-09-17 11:05:51
ORD00361,YokAndPun,100,25.5,Sell,COM7,2025-09-17 11:05:51
ORD00362,YokAndPun,100,25.5,Sell,COM7,2025-09-17 11:06:10
ORD00364,YokAndPun,100,25.5,Sell,COM7,2025-09-17 11:06:10
ORD00365,YokAndPun,100,1.95,Sell,VGI,2025-09-17 10:47:22
ORD00367,YokAndPun,100,1.95,Sell,VGI,2025-09-17 10:47:22
ORD00368,YokAndPun,100,1.94,Buy,VGI,2025-09-17 10:47:23
ORD00369,YokAndPun,100,1.94,Buy,VGI,2025-09-17 10:47:29
ORD00370,YokAndPun,100,1.93,Buy,VGI,2025-09-17 10:47:34
ORD00371,YokAndPun,100,25.5,Buy,COM7,2025-09-17 11:07:42
ORD00372,YokAndPun,100,25.5,Sell,COM7,2025-09-17 11:07:54
ORD00373,YokAndPun,100,25.75,Buy,COM7,2025-09-17 11:09:33
ORD00374,YokAndPun,100,25.75,Buy,COM7,2025-09-17 11:09:45
ORD00375,YokAndPun,100,25.75,Buy,COM7,2025-09-17 11:09:58
ORD00376,YokAndPun,100,25.75,Buy,COM7,2025-09-17 11:11:12
ORD00377,YokAndPun,100,39.75,Buy,AOT,2025-09-17 10:27:42
ORD00378,YokAndPun,100,25.75,Buy,COM7,2025-09-17 11:14:30
ORD00379,YokAndPun,100,28.25,Buy,PTTGC,2025-09-17 15:34:42
ORD00380,YokAndPun,100,28.25,Buy,PTTGC,2025-09-17 15:37:34
ORD00381,YokAndPun,100,28.25,Buy,PTTGC,2025-09-17 15:38:30
ORD00382,YokAndPun,100,28.25,Buy,PTTGC,2025-09-17 15:39:31
ORD00383,YokAndPun,100,28.25,Buy,PTTGC,2025-09-17 15:41:10
ORD00384,YokAndPun,100,39.75,Buy,AOT,2025-09-17 10:31:23
ORD00385,YokAndPun,100,7.85,Buy,HMPRO,2025-09-17 14:50:52
ORD00386,YokAndPun,100,2.48,Sell,AWC,2025-09-17 15:56:40
ORD00388,YokAndPun,100,2.48,Sell,AWC,2025-09-17 15:56:40
ORD00390,YokAndPun,100,2.48,Sell,AWC,2025-09-17 15:56:40
ORD00391,YokAndPun,100,2.48,Sell,AWC,2025-09-17 15:57:28
ORD00393,YokAndPun,100,2.48,Sell,AWC,2025-09-17 15:58:30
ORD00394,YokAndPun,100,2.5,Buy,AWC,2025-09-17 16:03:46
ORD00395,YokAndPun,100,2.5,Buy,AWC,2025-09-17 16:08:29
ORD00396,YokAndPun,100,58.75,Buy,KKP,2025-09-17 16:05:37
ORD00397,YokAndPun,100,2.5,Buy,AWC,2025-09-17 16:11:01
ORD00398,YokAndPun,100,31.0,Sell,KTC,2025-09-17 10:43:52
ORD00400,YokAndPun,100,31.0,Sell,KTC,2025-09-17 10:43:52
ORD00402,YokAndPun,100,31.0,Sell,KTC,2025-09-17 10:43:52
ORD00403,YokAndPun,100,31.0,Sell,KTC,2025-09-17 10:43:52
ORD00405,YokAndPun,100,31.0,Sell,KTC,2025-09-17 10:43:52
ORD00406,YokAndPun,100,31.25,Buy,KTC,2025-09-17 10:43:55
ORD00407,YokAndPun,100,2.5,Buy,AWC,2025-09-17 16:23:35
ORD00408,YokAndPun,100,2.5,Buy,AWC,2025-09-17 16:24:15
ORD00409,YokAndPun,100,25.75,Sell,COM7,2025-09-17 11:33:13
ORD00411,YokAndPun,100,25.75,Sell,COM7,2025-09-17 11:33:13
ORD00413,YokAndPun,100,25.75,Sell,COM7,2025-09-17 11:33:13
ORD00414,YokAndPun,100,31.25,Buy,KTC,2025-09-17 10:44:12
ORD00415,YokAndPun,100,25.75,Sell,COM7,2025-09-17 11:33:13
ORD00417,YokAndPun,100,25.75,Sell,COM7,2025-09-17 11:33:13
ORD00418,YokAndPun,100,23.599999999999998,Sell,IVL,2025-09-17 12:00:26
ORD00419,YokAndPun,100,31.25,Buy,KTC,2025-09-17 10:44:16
ORD00420,YokAndPun,100,31.25,Buy,KTC,2025-09-17 10:44:16
ORD00421,YokAndPun,100,31.0,Buy,KTC,2025-09-17 10:44:18
ORD00422,YokAndPun,100,31.0,Sell,KTC,2025-09-17 10:44:20
ORD00424,YokAndPun,100,7.65,Sell,HMPRO,2025-09-17 15:14:10
ORD00423,YokAndPun,100,7.75,Buy,HMPRO,2025-09-17 15:14:10
ORD00425,YokAndPun,100,31.0,Sell,KTC,2025-09-17 10:44:21
ORD00426,YokAndPun,100,31.0,Sell,KTC,2025-09-17 10:44:21
ORD00427,YokAndPun,100,7.75,Buy,HMPRO,2025-09-17 15:14:10
ORD00428,YokAndPun,100,31.0,Sell,KTC,2025-09-17 10:44:21
ORD00429,YokAndPun,100,7.75,Buy,HMPRO,2025-09-17 15:14:10
ORD00430,YokAndPun,100,31.0,Sell,KTC,2025-09-17 10:44:23
ORD00431,YokAndPun,100,7.8,Sell,HMPRO,2025-09-17 15:15:29
ORD00433,YokAndPun,100,7.8,Sell,HMPRO,2025-09-17 15:15:29
ORD00434,YokAndPun,100,7.8,Sell,HMPRO,2025-09-17 15:15:50
ORD00436,YokAndPun,100,7.8,Sell,HMPRO,2025-09-17 15:17:50
ORD00437,YokAndPun,100,25.75,Buy,COM7,2025-09-17 11:37:44
ORD00438,YokAndPun,100,25.75,Buy,COM7,2025-09-17 11:38:15
ORD00439,YokAndPun,100,25.75,Buy,COM7,2025-09-17 11:38:58
ORD00440,YokAndPun,100,25.75,Buy,COM7,2025-09-17 11:51:13
ORD00441,YokAndPun,100,25.75,Buy,COM7,2025-09-17 11:53:16
ORD00442,YokAndPun,100,20.3,Buy,TIDLOR,2025-09-17 15:26:22
ORD00443,YokAndPun,100,20.200000000000003,Buy,TIDLOR,2025-09-17 15:26:30
ORD00444,YokAndPun,100,20.200000000000003,Buy,TIDLOR,2025-09-17 15:26:30
ORD00445,YokAndPun,100,20.200000000000003,Buy,TIDLOR,2025-09-17 15:26:30
ORD00446,YokAndPun,100,31.25,Buy,KTC,2025-09-17 10:46:13
ORD00447,YokAndPun,100,31.25,Buy,KTC,2025-09-17 10:46:17
ORD00448,YokAndPun,100,31.25,Buy,KTC,2025-09-17 10:46:30
ORD00449,YokAndPun,100,31.25,Buy,KTC,2025-09-17 10:46:43
ORD00450,YokAndPun,100,31.25,Buy,KTC,2025-09-17 10:46:52
ORD00451,YokAndPun,100,20.299999999999997,Sell,TIDLOR,2025-09-17 15:31:54
ORD00453,YokAndPun,100,20.299999999999997,Sell,TIDLOR,2025-09-17 15:31:54
ORD00454,YokAndPun,100,20.299999999999997,Sell,TIDLOR,2025-09-17 15:32:27
ORD00456,YokAndPun,100,20.299999999999997,Sell,TIDLOR,2025-09-17 15:32:52
ORD00457,YokAndPun,100,7.8999999999999995,Buy,HMPRO,2025-09-17 16:19:55
ORD00458,YokAndPun,100,4.46,Buy,LH,2025-09-17 15:05:55
ORD00459,YokAndPun,100,31.25,Sell,KTC,2025-09-17 10:56:34
ORD00461,YokAndPun,100,31.25,Sell,KTC,2025-09-17 10:56:34
ORD00463,YokAndPun,100,31.25,Sell,KTC,2025-09-17 10:56:34
ORD00464,YokAndPun,100,31.25,Sell,KTC,2025-09-17 10:56:34
ORD00466,YokAndPun,100,31.25,Sell,KTC,2025-09-17 10:56:34
ORD00467,YokAndPun,100,31.5,Buy,KTC,2025-09-17 10:56:35
ORD00468,YokAndPun,100,31.25,Buy,KTC,2025-09-17 10:56:59
ORD00469,YokAndPun,100,31.25,Buy,KTC,2025-09-17 10:58:41
ORD00470,YokAndPun,100,31.25,Buy,KTC,2025-09-17 10:58:51
ORD00471,YokAndPun,100,31.25,Buy,KTC,2025-09-17 10:59:32
ORD00472,YokAndPun,100,4.48,Sell,LH,2025-09-17 15:22:18
ORD00474,YokAndPun,100,40.0,Sell,AOT,2025-09-17 11:04:55
ORD00476,YokAndPun,100,40.0,Sell,AOT,2025-09-17 11:04:55
ORD00478,YokAndPun,100,40.0,Sell,AOT,2025-09-17 11:04:55
ORD00479,YokAndPun,100,40.0,Sell,AOT,2025-09-17 11:04:55
ORD00481,YokAndPun,100,40.0,Buy,AOT,2025-09-17 11:04:56
ORD00482,YokAndPun,100,7.95,Buy,HMPRO,2025-09-17 16:28:54
ORD00483,YokAndPun,100,40.0,Buy,AOT,2025-09-17 11:06:34
ORD00484,YokAndPun,100,4.46,Buy,LH,2025-09-17 16:02:03
ORD00485,YokAndPun,100,4.46,Buy,LH,2025-09-17 16:02:03
ORD00486,YokAndPun,100,1.94,Sell,VGI,2025-09-17 11:05:30
ORD00487,YokAndPun,100,1.94,Sell,VGI,2025-09-17 11:05:43
ORD00488,YokAndPun,100,1.94,Sell,VGI,2025-09-17 11:05:43
ORD00489,YokAndPun,100,1.94,Sell,VGI,2025-09-17 11:05:43
ORD00490,YokAndPun,100,1.94,Sell,VGI,2025-09-17 11:05:43
ORD00491,YokAndPun,100,1.95,Buy,VGI,2025-09-17 11:07:54
ORD00492,YokAndPun,100,1.95,Buy,VGI,2025-09-17 11:07:54
ORD00493,YokAndPun,100,46.0,Buy,GULF,2025-09-17 14:29:15
ORD00494,YokAndPun,100,3.8,Buy,WHA,2025-09-17 16:01:08
ORD00495,YokAndPun,100,3.8,Buy,WHA,2025-09-17 16:01:08
ORD00496,YokAndPun,100,39.75,Buy,AOT,2025-09-17 14:04:30
ORD00497,YokAndPun,100,31.25,Sell,KTC,2025-09-17 12:16:21
ORD00499,YokAndPun,100,31.25,Sell,KTC,2025-09-17 12:16:21
ORD00501,YokAndPun,100,39.5,Buy,AOT,2025-09-17 14:05:19
ORD00502,YokAndPun,100,31.25,Sell,KTC,2025-09-17 12:21:32
ORD00504,YokAndPun,100,31.25,Sell,KTC,2025-09-17 12:21:32
ORD00505,YokAndPun,100,31.25,Sell,KTC,2025-09-17 12:22:28
ORD00506,YokAndPun,100,31.5,Buy,KTC,2025-09-17 12:22:32
ORD00507,YokAndPun,100,1.95,Buy,VGI,2025-09-17 11:25:41
ORD00508,YokAndPun,100,24.5,Buy,MINT,2025-09-17 15:37:26
ORD00509,YokAndPun,100,31.25,Buy,KTC,2025-09-17 12:29:30
ORD00510,YokAndPun,100,31.25,Buy,KTC,2025-09-17 12:29:53
ORD00511,YokAndPun,100,31.0,Buy,KTC,2025-09-17 14:01:33
ORD00512,YokAndPun,100,31.0,Buy,KTC,2025-09-17 14:01:38
ORD00513,YokAndPun,100,1.8800000000000001,Buy,TTB,2025-09-17 12:00:33
ORD00514,YokAndPun,100,31.0,Sell,KTC,2025-09-17 14:04:52
ORD00516,YokAndPun,100,31.0,Sell,KTC,2025-09-17 14:05:57
ORD00518,YokAndPun,100,31.0,Sell,KTC,2025-09-17 14:06:26
ORD00520,YokAndPun,100,31.0,Sell,KTC,2025-09-17 14:07:01
ORD00522,YokAndPun,100,31.0,Sell,KTC,2025-09-17 14:07:11
ORD00523,YokAndPun,100,31.25,Buy,KTC,2025-09-17 14:15:28
ORD00524,YokAndPun,100,31.25,Buy,KTC,2025-09-17 14:18:25
ORD00525,YokAndPun,100,24.599999999999998,Sell,MINT,2025-09-17 16:04:34
ORD00526,YokAndPun,100,31.25,Buy,KTC,2025-09-17 14:27:52
ORD00527,YokAndPun,100,31.25,Buy,KTC,2025-09-17 14:28:03
ORD00528,YokAndPun,100,31.25,Buy,KTC,2025-09-17 14:29:06
ORD00529,YokAndPun,100,39.75,Sell,AOT,2025-09-17 14:41:46
ORD00530,YokAndPun,100,39.75,Buy,AOT,2025-09-17 14:43:01
ORD00531,YokAndPun,100,1.94,Buy,VGI,2025-09-17 11:58:55
ORD00532,YokAndPun,100,1.94,Buy,VGI,2025-09-17 11:58:55
ORD00533,YokAndPun,100,39.75,Sell,AOT,2025-09-17 15:15:00
ORD00534,YokAndPun,100,39.75,Sell,AOT,2025-09-17 15:15:00
ORD00535,YokAndPun,100,39.75,Sell,AOT,2025-09-17 15:15:00
ORD00536,YokAndPun,100,39.75,Sell,AOT,2025-09-17 15:15:00
ORD00537,YokAndPun,100,31.25,Sell,KTC,2025-09-17 15:30:11
ORD00539,YokAndPun,100,31.25,Sell,KTC,2025-09-17 15:30:11
ORD00541,YokAndPun,100,31.25,Sell,KTC,2025-09-17 15:30:11
ORD00542,YokAndPun,100,31.25,Sell,KTC,2025-09-17 15:30:27
ORD00544,YokAndPun,100,31.25,Buy,KTC,2025-09-17 15:30:39
ORD00545,YokAndPun,100,31.25,Buy,KTC,2025-09-17 15:31:10
ORD00546,YokAndPun,100,31.25,Buy,KTC,2025-09-17 15:31:22
ORD00547,YokAndPun,100,31.25,Buy,KTC,2025-09-17 15:32:49
ORD00548,YokAndPun,100,1.8800000000000001,Buy,TTB,2025-09-17 14:05:55
ORD00549,YokAndPun,100,40.0,Buy,AOT,2025-09-17 15:53:41
ORD00550,YokAndPun,100,1.8800000000000001,Buy,TTB,2025-09-17 14:30:32
ORD00551,YokAndPun,100,39.75,Buy,AOT,2025-09-17 16:23:23
ORD00552,YokAndPun,100,39.75,Buy,AOT,2025-09-17 16:23:23
ORD00553,YokAndPun,100,39.75,Buy,AOT,2025-09-17 16:23:23
ORD00554,YokAndPun,100,1.8800000000000001,Buy,TTB,2025-09-17 14:51:49
ORD00555,YokAndPun,100,8.0,Buy,HMPRO,2025-09-18 09:56:44
ORD00556,YokAndPun,100,25.5,Sell,KTB,2025-09-18 09:56:46
ORD00558,YokAndPun,100,25.5,Sell,KTB,2025-09-18 09:56:46
ORD00560,YokAndPun,100,25.5,Sell,KTB,2025-09-18 09:56:46
ORD00564,YokAndPun,100,5.05,Sell,BANPU,2025-09-18 09:57:20
ORD00566,YokAndPun,100,5.05,Sell,BANPU,2025-09-18 09:57:20
ORD00568,YokAndPun,100,5.05,Sell,BANPU,2025-09-18 09:57:20
ORD00569,YokAndPun,100,4.48,Sell,LH,2025-09-18 09:57:18
ORD00571,YokAndPun,100,4.48,Sell,LH,2025-09-18 09:57:18
ORD00572,YokAndPun,100,5.05,Sell,BANPU,2025-09-18 09:57:24
ORD00574,YokAndPun,100,25.5,Sell,KTB,2025-09-18 09:58:43
ORD00576,YokAndPun,100,115.5,Buy,PTTEP,2025-09-18 09:56:59
ORD00577,YokAndPun,100,5.05,Sell,BANPU,2025-09-18 09:57:24
ORD00578,YokAndPun,100,7.95,Sell,HMPRO,2025-09-18 09:56:45
ORD00579,YokAndPun,100,25.5,Sell,KTB,2025-09-18 09:59:51
ORD00580,YokAndPun,100,40.0,Sell,AOT,2025-09-18 09:58:53
ORD00582,YokAndPun,100,40.0,Sell,AOT,2025-09-18 09:58:53
ORD00584,YokAndPun,100,7.8999999999999995,Buy,HMPRO,2025-09-18 09:56:51
ORD00585,YokAndPun,100,40.0,Sell,AOT,2025-09-18 09:58:53
ORD00587,YokAndPun,100,40.0,Sell,AOT,2025-09-18 09:58:53
ORD00588,YokAndPun,100,40.0,Sell,AOT,2025-09-18 09:59:17
ORD00589,YokAndPun,100,21.1,Buy,BDMS,2025-09-18 09:56:51
ORD00590,YokAndPun,100,21.2,Sell,BDMS,2025-09-18 09:57:03
ORD00591,YokAndPun,100,13.9,Sell,OR,2025-09-18 09:58:37
ORD00592,YokAndPun,100,40.0,Buy,AOT,2025-09-18 10:01:03
ORD00593,YokAndPun,100,14.1,Buy,OR,2025-09-18 09:59:28
ORD00594,YokAndPun,100,27.25,Sell,PTTGC,2025-09-18 10:02:29
ORD00595,YokAndPun,100,27.25,Sell,PTTGC,2025-09-18 10:02:29
ORD00596,YokAndPun,100,27.25,Sell,PTTGC,2025-09-18 10:02:29
ORD00597,YokAndPun,100,27.25,Sell,PTTGC,2025-09-18 10:02:29
ORD00598,YokAndPun,100,27.25,Sell,PTTGC,2025-09-18 10:02:29
ORD00599,YokAndPun,100,23.900000000000002,Buy,CRC,2025-09-18 09:57:04
ORD00600,YokAndPun,100,27.75,Buy,PTTGC,2025-09-18 10:03:16
ORD00601,YokAndPun,100,27.75,Buy,PTTGC,2025-09-18 10:04:06
ORD00602,YokAndPun,100,27.75,Buy,PTTGC,2025-09-18 10:04:30
ORD00603,YokAndPun,100,27.75,Buy,PTTGC,2025-09-18 10:05:19
ORD00604,YokAndPun,100,113.5,Buy,PTTEP,2025-09-18 09:58:13
ORD00605,YokAndPun,100,115.0,Sell,PTTEP,2025-09-18 09:59:43
ORD00606,YokAndPun,100,27.75,Buy,PTTGC,2025-09-18 10:07:19
ORD00607,YokAndPun,100,115.0,Sell,PTTEP,2025-09-18 10:00:59
ORD00608,YokAndPun,100,38.75,Sell,GPSC,2025-09-18 10:04:58
ORD00609,YokAndPun,100,38.75,Sell,GPSC,2025-09-18 10:04:58
ORD00610,YokAndPun,100,38.75,Sell,GPSC,2025-09-18 10:04:58
ORD00611,YokAndPun,100,39.25,Buy,GPSC,2025-09-18 10:04:58
ORD00612,YokAndPun,100,5.2,Sell,BEM,2025-09-18 10:05:39
ORD00613,YokAndPun,100,5.2,Sell,BEM,2025-09-18 10:05:39
ORD00614,YokAndPun,100,5.2,Sell,BEM,2025-09-18 10:05:39
ORD00615,YokAndPun,100,5.2,Sell,BEM,2025-09-18 10:05:39
ORD00616,YokAndPun,100,5.2,Sell,BEM,2025-09-18 10:05:39
ORD00617,YokAndPun,100,39.25,Buy,GPSC,2025-09-18 10:05:01
ORD00618,YokAndPun,100,39.25,Buy,GPSC,2025-09-18 10:05:01
ORD00619,YokAndPun,100,5.3,Buy,BEM,2025-09-18 10:06:41
ORD00620,YokAndPun,100,39.5,Sell,GPSC,2025-09-18 10:05:24
ORD00622,YokAndPun,100,39.5,Sell,GPSC,2025-09-18 10:05:24
ORD00623,YokAndPun,100,5.3500000000000005,Sell,BEM,2025-09-18 10:08:16
ORD00624,YokAndPun,100,39.5,Sell,GPSC,2025-09-18 10:05:25
ORD00626,YokAndPun,100,39.5,Sell,GPSC,2025-09-18 10:05:25
ORD00627,YokAndPun,100,39.5,Sell,GPSC,2025-09-18 10:05:36
ORD00628,YokAndPun,100,5.3,Buy,BEM,2025-09-18 10:08:20
ORD00629,YokAndPun,100,5.1,Buy,BANPU,2025-09-18 09:58:28
ORD00630,YokAndPun,100,5.3,Buy,BEM,2025-09-18 10:10:13
ORD00631,YokAndPun,100,7.95,Buy,HMPRO,2025-09-18 10:01:48
ORD00632,YokAndPun,100,5.3,Buy,BEM,2025-09-18 10:11:44
ORD00633,YokAndPun,100,5.1,Buy,BANPU,2025-09-18 09:58:45
ORD00634,YokAndPun,100,25.5,Buy,KTB,2025-09-18 10:03:06
ORD00635,YokAndPun,100,5.3,Buy,BEM,2025-09-18 10:11:58
ORD00636,YokAndPun,100,25.5,Buy,KTB,2025-09-18 10:03:06
ORD00637,YokAndPun,100,25.5,Buy,KTB,2025-09-18 10:03:06
ORD00638,YokAndPun,100,5.1,Buy,BANPU,2025-09-18 09:58:57
ORD00639,YokAndPun,100,5.3,Buy,BEM,2025-09-18 10:13:25
ORD00640,YokAndPun,100,5.1,Buy,BANPU,2025-09-18 09:59:19
ORD00641,YokAndPun,100,5.1,Buy,BANPU,2025-09-18 10:01:54
ORD00642,YokAndPun,100,25.5,Buy,KTB,2025-09-18 10:05:56
ORD00643,YokAndPun,100,39.5,Buy,GPSC,2025-09-18 10:08:49
ORD00644,YokAndPun,100,25.5,Buy,KTB,2025-09-18 10:06:17
ORD00645,YokAndPun,100,10.3,Sell,TLI,2025-09-18 10:22:43
ORD00646,YokAndPun,100,10.3,Sell,TLI,2025-09-18 10:22:43
ORD00647,YokAndPun,100,10.3,Sell,TLI,2025-09-18 10:22:43
ORD00648,YokAndPun,100,10.3,Sell,TLI,2025-09-18 10:22:43
ORD00649,YokAndPun,100,10.3,Sell,TLI,2025-09-18 10:22:43
ORD00650,YokAndPun,100,10.5,Buy,TLI,2025-09-18 10:22:43
ORD00651,YokAndPun,100,10.5,Buy,TLI,2025-09-18 10:22:43
ORD00652,YokAndPun,100,10.5,Buy,TLI,2025-09-18 10:22:43
ORD00653,YokAndPun,100,13.8,Sell,OR,2025-09-18 10:03:40
ORD00654,YokAndPun,100,13.8,Sell,OR,2025-09-18 10:03:40
ORD00655,YokAndPun,100,13.8,Sell,OR,2025-09-18 10:03:40
ORD00656,YokAndPun,100,13.8,Sell,OR,2025-09-18 10:03:40
ORD00657,YokAndPun,100,48.75,Buy,CPALL,2025-09-18 10:04:53
ORD00658,YokAndPun,100,19.1,Buy,SCGP,2025-09-18 10:05:03
ORD00659,YokAndPun,100,25.75,Sell,COM7,2025-09-18 10:05:54
ORD00661,YokAndPun,100,25.75,Sell,COM7,2025-09-18 10:05:54
ORD00663,YokAndPun,100,25.75,Sell,COM7,2025-09-18 10:05:54
ORD00664,YokAndPun,100,25.5,Buy,COM7,2025-09-18 10:05:57
ORD00665,YokAndPun,100,25.5,Buy,COM7,2025-09-18 10:06:10
ORD00666,YokAndPun,100,7.8999999999999995,Buy,HMPRO,2025-09-18 10:04:47
ORD00667,YokAndPun,100,10.5,Sell,TLI,2025-09-18 10:22:43
ORD00669,YokAndPun,100,10.5,Sell,TLI,2025-09-18 10:22:43
ORD00670,YokAndPun,100,10.5,Sell,TLI,2025-09-18 10:22:43
ORD00671,YokAndPun,100,14.0,Buy,OR,2025-09-18 10:04:06
ORD00672,YokAndPun,100,2.4,Sell,AWC,2025-09-18 10:11:23
ORD00673,YokAndPun,100,2.4,Sell,AWC,2025-09-18 10:11:23
ORD00674,YokAndPun,100,2.4,Sell,AWC,2025-09-18 10:11:23
ORD00675,YokAndPun,100,2.4,Sell,AWC,2025-09-18 10:11:23
ORD00676,YokAndPun,100,2.4,Sell,AWC,2025-09-18 10:11:23
ORD00677,YokAndPun,100,2.44,Buy,AWC,2025-09-18 10:11:23
ORD00678,YokAndPun,100,20.400000000000002,Buy,BJC,2025-09-18 10:12:46
ORD00679,YokAndPun,100,10.5,Buy,TLI,2025-09-18 10:22:44
ORD00680,YokAndPun,100,10.5,Buy,TLI,2025-09-18 10:22:44
ORD00681,YokAndPun,100,2.44,Buy,AWC,2025-09-18 10:11:47
ORD00682,YokAndPun,100,10.5,Buy,TLI,2025-09-18 10:22:44
ORD00683,YokAndPun,100,10.5,Buy,TLI,2025-09-18 10:22:44
ORD00684,YokAndPun,100,2.44,Buy,AWC,2025-09-18 10:12:27
ORD00685,YokAndPun,100,10.5,Buy,TLI,2025-09-18 10:22:44
ORD00686,YokAndPun,100,2.44,Buy,AWC,2025-09-18 10:13:19
ORD00687,YokAndPun,100,14.0,Buy,OR,2025-09-18 10:04:59
ORD00688,YokAndPun,100,2.46,Sell,AWC,2025-09-18 10:16:38
ORD00690,YokAndPun,100,2.46,Sell,AWC,2025-09-18 10:16:38
ORD00692,YokAndPun,100,2.44,Buy,AWC,2025-09-18 10:17:03
ORD00693,YokAndPun,100,2.44,Buy,AWC,2025-09-18 10:18:23
ORD00694,YokAndPun,100,2.44,Buy,AWC,2025-09-18 10:19:28
ORD00695,YokAndPun,100,25.5,Sell,KTB,2025-09-18 10:13:39
ORD00697,YokAndPun,100,25.5,Sell,KTB,2025-09-18 10:13:39
ORD00699,YokAndPun,100,25.5,Sell,KTB,2025-09-18 10:13:39
ORD00700,YokAndPun,100,25.5,Buy,KTB,2025-09-18 10:13:46
ORD00701,YokAndPun,100,25.5,Buy,KTB,2025-09-18 10:14:17
ORD00702,YokAndPun,100,25.5,Buy,KTB,2025-09-18 10:14:24
ORD00703,YokAndPun,100,25.5,Sell,KTB,2025-09-18 10:14:39
ORD00705,YokAndPun,100,25.5,Sell,KTB,2025-09-18 10:14:39
ORD00707,YokAndPun,100,25.5,Sell,KTB,2025-09-18 10:14:39
ORD00708,YokAndPun,100,25.5,Buy,KTB,2025-09-18 10:14:58
ORD00709,YokAndPun,100,25.5,Buy,KTB,2025-09-18 10:14:59
ORD00710,YokAndPun,100,14.0,Buy,OR,2025-09-18 10:07:06
ORD00711,YokAndPun,100,25.5,Sell,COM7,2025-09-18 10:11:06
ORD00713,YokAndPun,100,25.5,Sell,COM7,2025-09-18 10:11:06
ORD00715,YokAndPun,100,25.5,Sell,COM7,2025-09-18 10:11:06
ORD00717,YokAndPun,100,25.5,Buy,KTB,2025-09-18 10:15:50
ORD00718,YokAndPun,100,36.0,Sell,TOP,2025-09-18 10:09:18
ORD00719,YokAndPun,100,36.0,Sell,TOP,2025-09-18 10:09:18
ORD00720,YokAndPun,100,36.0,Sell,TOP,2025-09-18 10:09:18
ORD00721,YokAndPun,100,36.0,Sell,TOP,2025-09-18 10:09:18
ORD00722,YokAndPun,100,36.0,Sell,TOP,2025-09-18 10:09:18
ORD00723,YokAndPun,100,14.0,Buy,OR,2025-09-18 10:07:44
ORD00724,YokAndPun,100,23.2,Sell,CRC,2025-09-18 09:58:48
ORD00725,YokAndPun,100,31.0,Sell,BCP,2025-09-18 10:32:48
ORD00726,YokAndPun,100,25.5,Buy,COM7,2025-09-18 10:11:27
ORD00727,YokAndPun,100,25.5,Buy,COM7,2025-09-18 10:12:23
ORD00728,YokAndPun,100,31.5,Buy,BCP,2025-09-18 10:35:43
ORD00729,YokAndPun,100,25.5,Buy,COM7,2025-09-18 10:13:01
ORD00730,YokAndPun,100,10.5,Sell,TLI,2025-09-18 10:27:40
ORD00732,YokAndPun,100,10.5,Sell,TLI,2025-09-18 10:27:40
ORD00734,YokAndPun,100,10.5,Sell,TLI,2025-09-18 10:27:40
ORD00735,YokAndPun,100,10.5,Sell,TLI,2025-09-18 10:27:40
ORD00737,YokAndPun,100,39.75,Buy,AOT,2025-09-18 10:08:18
ORD00738,YokAndPun,100,48.5,Buy,CPALL,2025-09-18 10:11:17
ORD00739,YokAndPun,100,48.5,Buy,CPALL,2025-09-18 10:11:20
ORD00740,YokAndPun,100,48.5,Buy,CPALL,2025-09-18 10:11:20
ORD00741,YokAndPun,100,30.0,Sell,KTC,2025-09-18 10:10:35
ORD00742,YokAndPun,100,30.0,Sell,KTC,2025-09-18 10:10:35
ORD00743,YokAndPun,100,30.0,Sell,KTC,2025-09-18 10:10:35
ORD00744,YokAndPun,100,30.0,Sell,KTC,2025-09-18 10:10:35
ORD00745,YokAndPun,100,30.0,Sell,KTC,2025-09-18 10:10:35
ORD00746,YokAndPun,100,30.5,Buy,KTC,2025-09-18 10:10:35
ORD00747,YokAndPun,100,10.5,Buy,TLI,2025-09-18 10:29:07
ORD00748,YokAndPun,100,39.25,Buy,GPSC,2025-09-18 10:16:15
ORD00749,YokAndPun,100,30.5,Sell,KTC,2025-09-18 10:10:45
ORD00750,YokAndPun,100,2.46,Sell,AWC,2025-09-18 10:26:19
ORD00752,YokAndPun,100,2.46,Sell,AWC,2025-09-18 10:26:19
ORD00754,YokAndPun,100,2.46,Sell,AWC,2025-09-18 10:26:19
ORD00755,YokAndPun,100,2.44,Buy,AWC,2025-09-18 10:26:58
ORD00756,YokAndPun,100,31.5,Sell,BCP,2025-09-18 10:46:32
ORD00757,YokAndPun,100,10.5,Buy,TLI,2025-09-18 10:29:45
ORD00758,YokAndPun,100,10.5,Buy,TLI,2025-09-18 10:30:14
ORD00759,YokAndPun,100,22.9,Sell,CPF,2025-09-18 10:18:41
ORD00760,YokAndPun,100,22.9,Sell,CPF,2025-09-18 10:18:41
ORD00761,YokAndPun,100,22.9,Sell,CPF,2025-09-18 10:18:41
ORD00762,YokAndPun,100,10.5,Buy,TLI,2025-09-18 10:31:32
ORD00763,YokAndPun,100,55.75,Buy,CBG,2025-09-18 10:16:44
ORD00764,YokAndPun,100,2.42,Buy,AWC,2025-09-18 10:28:04
ORD00765,YokAndPun,100,2.42,Buy,AWC,2025-09-18 10:28:20
ORD00766,YokAndPun,100,2.5,Sell,AWC,2025-09-18 10:28:41
ORD00768,YokAndPun,100,2.5,Sell,AWC,2025-09-18 10:28:41
ORD00770,YokAndPun,100,2.5,Sell,AWC,2025-09-18 10:28:41
ORD00771,YokAndPun,100,4.94,Sell,BANPU,2025-09-18 10:11:23
ORD00772,YokAndPun,100,4.94,Sell,BANPU,2025-09-18 10:11:23
ORD00773,YokAndPun,100,4.94,Sell,BANPU,2025-09-18 10:11:23
ORD00774,YokAndPun,100,4.94,Sell,BANPU,2025-09-18 10:11:23
ORD00775,YokAndPun,100,4.94,Sell,BANPU,2025-09-18 10:11:23
ORD00776,YokAndPun,100,4.9799999999999995,Buy,BANPU,2025-09-18 10:11:23
ORD00777,YokAndPun,100,31.5,Sell,BCP,2025-09-18 10:53:43
ORD00778,YokAndPun,100,39.25,Buy,GPSC,2025-09-18 10:16:41
ORD00779,YokAndPun,100,55.75,Buy,CBG,2025-09-18 10:17:06
ORD00780,YokAndPun,100,2.42,Buy,AWC,2025-09-18 10:29:20
ORD00781,YokAndPun,100,2.42,Buy,AWC,2025-09-18 10:29:20
ORD00782,YokAndPun,100,18.900000000000002,Buy,SCGP,2025-09-18 10:15:35
ORD00783,YokAndPun,100,18.900000000000002,Buy,SCGP,2025-09-18 10:15:35
ORD00784,YokAndPun,100,18.900000000000002,Buy,SCGP,2025-09-18 10:16:58
ORD00785,YokAndPun,100,31.5,Buy,BCP,2025-09-18 10:59:05
ORD00786,YokAndPun,100,2.42,Sell,AWC,2025-09-18 10:33:05
ORD00788,YokAndPun,100,2.42,Sell,AWC,2025-09-18 10:33:05
ORD00790,YokAndPun,100,18.8,Buy,OSP,2025-09-18 10:54:06
ORD00791,YokAndPun,100,2.42,Sell,AWC,2025-09-18 10:34:55
ORD00793,YokAndPun,100,2.42,Sell,AWC,2025-09-18 10:35:34
ORD00794,YokAndPun,100,7.7,Sell,HMPRO,2025-09-18 10:22:07
ORD00795,YokAndPun,100,7.7,Sell,HMPRO,2025-09-18 10:22:07
ORD00796,YokAndPun,100,7.7,Sell,HMPRO,2025-09-18 10:22:07
ORD00797,YokAndPun,100,7.7,Sell,HMPRO,2025-09-18 10:22:15
ORD00798,YokAndPun,100,39.25,Buy,GPSC,2025-09-18 10:18:20
ORD00799,YokAndPun,100,39.5,Buy,AOT,2025-09-18 10:15:17
ORD00800,YokAndPun,100,25.25,Buy,COM7,2025-09-18 10:20:55
ORD00801,YokAndPun,100,11.0,Sell,TRUE,2025-09-18 10:42:08
ORD00802,YokAndPun,100,11.0,Sell,TRUE,2025-09-18 10:42:08
ORD00803,YokAndPun,100,11.0,Sell,TRUE,2025-09-18 10:42:08
ORD00804,YokAndPun,100,11.0,Sell,TRUE,2025-09-18 10:42:08
ORD00805,YokAndPun,100,11.0,Sell,TRUE,2025-09-18 10:42:08
ORD00806,YokAndPun,100,2.42,Buy,AWC,2025-09-18 10:41:34
ORD00807,YokAndPun,100,3.22,Sell,BTS,2025-09-18 10:12:07
ORD00808,YokAndPun,100,3.22,Sell,BTS,2025-09-18 10:12:07
ORD00809,YokAndPun,100,39.5,Buy,GPSC,2025-09-18 10:19:02
ORD00810,YokAndPun,100,10.5,Sell,TLI,2025-09-18 10:54:01
ORD00812,YokAndPun,100,10.5,Sell,TLI,2025-09-18 10:54:01
ORD00814,YokAndPun,100,10.5,Sell,TLI,2025-09-18 10:54:01
ORD00815,YokAndPun,100,10.5,Sell,TLI,2025-09-18 10:54:01
ORD00817,YokAndPun,100,10.5,Sell,TLI,2025-09-18 10:54:01
ORD00818,YokAndPun,100,10.6,Buy,TLI,2025-09-18 10:54:01
ORD00819,YokAndPun,100,10.6,Buy,TLI,2025-09-18 10:54:01
ORD00820,YokAndPun,100,10.6,Buy,TLI,2025-09-18 10:54:20
ORD00821,YokAndPun,100,10.6,Buy,TLI,2025-09-18 10:54:20
ORD00822,YokAndPun,100,31.5,Buy,BCP,2025-09-18 11:18:10
ORD00823,YokAndPun,100,2.42,Buy,AWC,2025-09-18 10:49:21
ORD00824,YokAndPun,100,39.5,Sell,GPSC,2025-09-18 10:22:53
ORD00826,YokAndPun,100,39.5,Sell,GPSC,2025-09-18 10:22:53
ORD00827,YokAndPun,100,39.5,Sell,GPSC,2025-09-18 10:22:53
ORD00829,YokAndPun,100,39.5,Sell,GPSC,2025-09-18 10:22:56
ORD00830,YokAndPun,100,39.25,Buy,GPSC,2025-09-18 10:23:09
ORD00831,YokAndPun,100,39.5,Sell,GPSC,2025-09-18 10:23:09
ORD00832,YokAndPun,100,39.5,Sell,GPSC,2025-09-18 10:23:12
ORD00833,YokAndPun,100,6.1000000000000005,Sell,CCET,2025-09-18 11:07:32
ORD00835,YokAndPun,100,6.1000000000000005,Sell,CCET,2025-09-18 11:07:32
ORD00837,YokAndPun,100,6.1000000000000005,Sell,CCET,2025-09-18 11:07:32
ORD00838,YokAndPun,100,6.1000000000000005,Sell,CCET,2025-09-18 11:07:36
ORD00840,YokAndPun,100,39.25,Buy,GPSC,2025-09-18 10:23:20
ORD00841,YokAndPun,100,6.1000000000000005,Sell,CCET,2025-09-18 11:07:47
ORD00842,YokAndPun,100,39.25,Buy,GPSC,2025-09-18 10:23:22
ORD00843,YokAndPun,100,39.25,Buy,GPSC,2025-09-18 10:23:22
ORD00844,YokAndPun,100,39.25,Buy,GPSC,2025-09-18 10:23:26
ORD00845,YokAndPun,100,2.44,Sell,AWC,2025-09-18 10:51:36
ORD00847,YokAndPun,100,39.5,Sell,GPSC,2025-09-18 10:23:31
ORD00849,YokAndPun,100,39.5,Sell,GPSC,2025-09-18 10:23:31
ORD00851,YokAndPun,100,36.25,Buy,TOP,2025-09-18 10:19:05
ORD00852,YokAndPun,100,39.5,Sell,GPSC,2025-09-18 10:23:31
ORD00854,YokAndPun,100,2.42,Sell,AWC,2025-09-18 10:51:36
ORD00855,YokAndPun,100,39.5,Sell,GPSC,2025-09-18 10:23:48
ORD00856,YokAndPun,100,11.2,Buy,TRUE,2025-09-18 10:42:10
ORD00857,YokAndPun,100,2.44,Buy,AWC,2025-09-18 10:51:38
ORD00858,YokAndPun,100,39.5,Buy,GPSC,2025-09-18 10:24:04
ORD00859,YokAndPun,100,18.9,Sell,OSP,2025-09-18 11:52:50
ORD00860,YokAndPun,100,36.25,Buy,TOP,2025-09-18 10:19:06
ORD00861,YokAndPun,100,39.5,Buy,GPSC,2025-09-18 10:24:25
ORD00862,YokAndPun,100,39.25,Buy,GPSC,2025-09-18 10:25:24
ORD00863,YokAndPun,100,42.5,Buy,MTC,2025-09-18 14:00:04
ORD00864,YokAndPun,100,39.25,Buy,GPSC,2025-09-18 10:26:52
ORD00865,YokAndPun,100,2.42,Buy,AWC,2025-09-18 10:52:28
ORD00867,YokAndPun,100,7.65,Sell,HMPRO,2025-09-18 10:31:09
ORD00866,YokAndPun,100,7.75,Buy,HMPRO,2025-09-18 10:31:09
ORD00868,YokAndPun,100,7.75,Buy,HMPRO,2025-09-18 10:31:24
ORD00869,YokAndPun,100,31.5,Sell,BCP,2025-09-18 11:56:49
ORD00871,YokAndPun,100,31.5,Sell,BCP,2025-09-18 11:56:49
ORD00872,YokAndPun,100,31.5,Buy,BCP,2025-09-18 11:59:35
ORD00873,YokAndPun,100,45.5,Buy,GULF,2025-09-18 10:16:50
ORD00874,YokAndPun,100,31.5,Buy,BCP,2025-09-18 12:00:25
ORD00875,YokAndPun,100,11.2,Buy,TRUE,2025-09-18 10:43:38
ORD00876,YokAndPun,100,23.0,Buy,CRC,2025-09-18 10:00:23
ORD00877,YokAndPun,100,23.0,Buy,CRC,2025-09-18 10:00:23
ORD00878,YokAndPun,100,39.25,Buy,GPSC,2025-09-18 10:30:28
ORD00879,YokAndPun,100,6.1,Buy,CCET,2025-09-18 11:23:53
ORD00880,YokAndPun,100,11.2,Buy,TRUE,2025-09-18 10:45:04
ORD00881,YokAndPun,100,6.1,Buy,CCET,2025-09-18 11:24:42
ORD00882,YokAndPun,100,6.1,Buy,CCET,2025-09-18 11:31:15
ORD00883,YokAndPun,100,36.25,Buy,TOP,2025-09-18 10:24:06
ORD00884,YokAndPun,100,23.099999999999998,Sell,CRC,2025-09-18 10:00:26
ORD00886,YokAndPun,100,23.099999999999998,Sell,CRC,2025-09-18 10:00:26
ORD00887,YokAndPun,100,6.1,Buy,CCET,2025-09-18 11:44:04
ORD00888,YokAndPun,100,30.25,Buy,KTC,2025-09-18 10:24:46
ORD00889,YokAndPun,100,30.25,Buy,KTC,2025-09-18 10:24:46
ORD00890,YokAndPun,100,10.5,Buy,TLI,2025-09-18 12:15:55
ORD00891,YokAndPun,100,3.2,Sell,BTS,2025-09-18 10:16:33
ORD00892,YokAndPun,100,3.2,Sell,BTS,2025-09-18 10:16:33
ORD00893,YokAndPun,100,3.2,Sell,BTS,2025-09-18 10:16:33
ORD00894,YokAndPun,100,30.25,Sell,KTC,2025-09-18 10:25:22
ORD00896,YokAndPun,100,57.0,Buy,CPN,2025-09-18 11:23:16
ORD00897,YokAndPun,100,30.25,Sell,KTC,2025-09-18 10:26:16
ORD00898,YokAndPun,100,2.42,Sell,AWC,2025-09-18 10:56:29
ORD00899,YokAndPun,100,2.42,Sell,AWC,2025-09-18 10:56:29
ORD00900,YokAndPun,100,7.75,Buy,HMPRO,2025-09-18 10:56:13
ORD00901,YokAndPun,100,11.200000000000001,Sell,TRUE,2025-09-18 10:50:53
ORD00903,YokAndPun,100,11.200000000000001,Sell,TRUE,2025-09-18 10:50:53
ORD00904,YokAndPun,100,11.200000000000001,Sell,TRUE,2025-09-18 10:51:22
ORD00905,YokAndPun,100,2.44,Buy,AWC,2025-09-18 10:57:41
ORD00906,YokAndPun,100,20.400000000000002,Buy,BJC,2025-09-18 11:24:56
ORD00907,YokAndPun,100,56.0,Sell,CBG,2025-09-18 10:50:22
ORD00909,YokAndPun,100,56.0,Sell,CBG,2025-09-18 10:50:22
ORD00910,YokAndPun,100,2.44,Buy,AWC,2025-09-18 10:59:09
ORD00911,YokAndPun,100,11.299999999999999,Buy,TRUE,2025-09-18 11:02:11
ORD00912,YokAndPun,100,6.1000000000000005,Sell,CCET,2025-09-18 11:50:25
ORD00914,YokAndPun,100,6.1000000000000005,Sell,CCET,2025-09-18 11:50:25
ORD00916,YokAndPun,100,36.25,Buy,TOP,2025-09-18 10:41:47
ORD00917,YokAndPun,100,11.299999999999999,Buy,TRUE,2025-09-18 11:07:34
ORD00918,YokAndPun,100,6.1000000000000005,Sell,CCET,2025-09-18 11:51:23
ORD00920,YokAndPun,100,6.1000000000000005,Sell,CCET,2025-09-18 11:51:37
ORD00921,YokAndPun,100,36.25,Buy,TOP,2025-09-18 10:41:50
ORD00922,YokAndPun,100,11.299999999999999,Buy,TRUE,2025-09-18 11:11:53
ORD00923,YokAndPun,100,11.299999999999999,Buy,TRUE,2025-09-18 11:13:04
ORD00924,YokAndPun,100,11.299999999999999,Buy,TRUE,2025-09-18 11:24:11
ORD00925,YokAndPun,100,2.44,Buy,AWC,2025-09-18 11:05:43
ORD00926,YokAndPun,100,2.44,Buy,AWC,2025-09-18 11:05:43
ORD00927,YokAndPun,100,50.75,Sell,TCAP,2025-09-18 15:02:50
ORD00929,YokAndPun,100,50.75,Sell,TCAP,2025-09-18 15:02:50
ORD00930,YokAndPun,100,50.75,Sell,TCAP,2025-09-18 15:02:50
ORD00932,YokAndPun,100,50.75,Sell,TCAP,2025-09-18 15:02:52
ORD00933,YokAndPun,100,10.5,Sell,TLI,2025-09-18 14:02:55
ORD00934,YokAndPun,100,10.5,Sell,TLI,2025-09-18 14:04:05
ORD00935,YokAndPun,100,3.22,Buy,BTS,2025-09-18 10:17:19
ORD00936,YokAndPun,100,3.22,Buy,BTS,2025-09-18 10:17:19
ORD00937,YokAndPun,100,10.5,Sell,TLI,2025-09-18 14:14:33
ORD00938,YokAndPun,100,10.5,Sell,TLI,2025-09-18 14:14:33
ORD00939,YokAndPun,100,10.5,Sell,TLI,2025-09-18 14:15:38
ORD00940,YokAndPun,100,25.25,Sell,COM7,2025-09-18 10:56:29
ORD00941,YokAndPun,100,25.25,Sell,COM7,2025-09-18 10:57:23
ORD00942,YokAndPun,100,25.25,Sell,COM7,2025-09-18 10:58:07
ORD00943,YokAndPun,100,25.25,Sell,COM7,2025-09-18 10:58:56
ORD00944,YokAndPun,100,25.25,Sell,COM7,2025-09-18 10:58:56
ORD00945,YokAndPun,100,25.5,Buy,COM7,2025-09-18 10:59:45
ORD00946,YokAndPun,100,10.6,Buy,TLI,2025-09-18 14:17:14
ORD00947,YokAndPun,100,10.6,Buy,TLI,2025-09-18 14:18:19
ORD00948,YokAndPun,100,57.25,Sell,CPN,2025-09-18 12:04:47
ORD00949,YokAndPun,100,10.6,Buy,TLI,2025-09-18 14:18:47
ORD00950,YokAndPun,100,25.5,Buy,COM7,2025-09-18 11:02:33
ORD00951,YokAndPun,100,25.5,Buy,COM7,2025-09-18 11:03:42
ORD00952,YokAndPun,100,10.6,Buy,TLI,2025-09-18 14:24:40
ORD00953,YokAndPun,100,2.44,Sell,AWC,2025-09-18 11:07:54
ORD00955,YokAndPun,100,2.44,Sell,AWC,2025-09-18 11:07:54
ORD00957,YokAndPun,100,10.6,Buy,TLI,2025-09-18 14:27:55
ORD00958,YokAndPun,100,7.8,Sell,HMPRO,2025-09-18 11:07:09
ORD00960,YokAndPun,100,7.8,Sell,HMPRO,2025-09-18 11:07:09
ORD00961,YokAndPun,100,7.8,Sell,HMPRO,2025-09-18 11:07:09
ORD00962,YokAndPun,100,2.44,Buy,AWC,2025-09-18 11:08:50
ORD00963,YokAndPun,100,25.5,Buy,COM7,2025-09-18 11:13:33
ORD00964,YokAndPun,100,25.5,Buy,COM7,2025-09-18 11:15:46
ORD00965,YokAndPun,100,2.44,Sell,AWC,2025-09-18 11:09:25
ORD00967,YokAndPun,100,2.44,Sell,AWC,2025-09-18 11:09:25
ORD00968,YokAndPun,100,31.5,Sell,BCP,2025-09-18 15:34:25
ORD00970,YokAndPun,100,31.5,Sell,BCP,2025-09-18 15:34:25
ORD00972,YokAndPun,100,31.5,Sell,BCP,2025-09-18 15:34:25
ORD00973,YokAndPun,100,31.5,Sell,BCP,2025-09-18 15:34:38
ORD00975,YokAndPun,100,31.5,Sell,BCP,2025-09-18 15:35:42
ORD00976,YokAndPun,100,7.85,Buy,HMPRO,2025-09-18 11:08:27
ORD00977,YokAndPun,100,2.44,Sell,AWC,2025-09-18 11:13:36
ORD00978,YokAndPun,100,7.75,Buy,HMPRO,2025-09-18 11:09:20
ORD00979,YokAndPun,100,31.75,Buy,BCP,2025-09-18 16:03:41
ORD00980,YokAndPun,100,10.6,Sell,TLI,2025-09-18 14:36:37
ORD00982,YokAndPun,100,10.6,Sell,TLI,2025-09-18 14:36:37
ORD00984,YokAndPun,100,10.6,Sell,TLI,2025-09-18 14:36:37
ORD00985,YokAndPun,100,7.8,Sell,HMPRO,2025-09-18 11:13:50
ORD00986,YokAndPun,100,39.25,Buy,AOT,2025-09-18 10:33:32
ORD00987,YokAndPun,100,10.6,Sell,TLI,2025-09-18 14:40:34
ORD00989,YokAndPun,100,10.6,Sell,TLI,2025-09-18 14:40:34
ORD00990,YokAndPun,100,31.75,Buy,BCP,2025-09-18 16:13:53
ORD00991,YokAndPun,100,31.75,Buy,BCP,2025-09-18 16:13:53
ORD00992,YokAndPun,100,36.5,Sell,TOP,2025-09-18 11:00:24
ORD00994,YokAndPun,100,36.5,Sell,TOP,2025-09-18 11:00:24
ORD00996,YokAndPun,100,36.5,Sell,TOP,2025-09-18 11:00:24
ORD00997,YokAndPun,100,36.5,Sell,TOP,2025-09-18 11:00:24
ORD00999,YokAndPun,100,36.5,Sell,TOP,2025-09-18 11:00:24
ORD01000,YokAndPun,100,39.5,Sell,GPSC,2025-09-18 10:52:10
ORD01002,YokAndPun,100,39.5,Sell,GPSC,2025-09-18 10:52:10
ORD01003,YokAndPun,100,39.5,Sell,GPSC,2025-09-18 10:52:10
ORD01005,YokAndPun,100,39.5,Sell,GPSC,2025-09-18 10:52:10
ORD01006,YokAndPun,100,31.75,Buy,BCP,2025-09-18 16:17:44
ORD01007,YokAndPun,100,39.5,Sell,GPSC,2025-09-18 10:52:10
ORD01008,YokAndPun,100,31.75,Buy,BCP,2025-09-18 16:18:25
ORD01009,YokAndPun,100,36.75,Buy,TOP,2025-09-18 11:02:48
ORD01010,YokAndPun,100,7.8,Sell,HMPRO,2025-09-18 11:14:06
ORD01011,YokAndPun,100,36.75,Buy,TOP,2025-09-18 11:06:22
ORD01012,YokAndPun,100,2.46,Buy,AWC,2025-09-18 11:56:53
ORD01013,YokAndPun,100,10.6,Buy,TLI,2025-09-18 15:00:04
ORD01014,YokAndPun,100,10.6,Buy,TLI,2025-09-18 15:02:04
ORD01015,YokAndPun,100,6.1499999999999995,Buy,CCET,2025-09-18 13:59:06
ORD01016,YokAndPun,100,30.25,Buy,KTC,2025-09-18 10:37:18
ORD01017,YokAndPun,100,39.5,Sell,AOT,2025-09-18 10:40:11
ORD01018,YokAndPun,100,36.75,Buy,TOP,2025-09-18 11:07:06
ORD01019,YokAndPun,100,6.1,Buy,CCET,2025-09-18 14:02:33
ORD01020,YokAndPun,100,6.1,Buy,CCET,2025-09-18 14:02:33
ORD01021,YokAndPun,100,30.25,Buy,KTC,2025-09-18 10:37:43
ORD01022,YokAndPun,100,30.25,Buy,KTC,2025-09-18 10:37:48
ORD01023,YokAndPun,100,6.1000000000000005,Sell,CCET,2025-09-18 14:03:11
ORD01025,YokAndPun,100,36.75,Buy,TOP,2025-09-18 11:08:00
ORD01026,YokAndPun,100,6.1000000000000005,Sell,CCET,2025-09-18 14:03:22
ORD01028,YokAndPun,100,20.5,Buy,TIDLOR,2025-09-18 15:14:32
ORD01029,YokAndPun,100,10.6,Buy,TLI,2025-09-18 15:23:36
ORD01030,YokAndPun,100,10.6,Buy,TLI,2025-09-18 15:25:36
ORD01031,YokAndPun,100,5.0,Sell,BANPU,2025-09-18 10:34:40
ORD01032,YokAndPun,100,4.9399999999999995,Buy,BANPU,2025-09-18 10:34:40
ORD01033,YokAndPun,100,6.1,Buy,CCET,2025-09-18 14:03:49
ORD01034,YokAndPun,100,7.85,Buy,HMPRO,2025-09-18 11:56:35
ORD01035,YokAndPun,100,40.0,Buy,GPSC,2025-09-18 11:12:13
ORD01036,YokAndPun,100,30.25,Sell,KTC,2025-09-18 10:38:47
ORD01038,YokAndPun,100,30.25,Sell,KTC,2025-09-18 10:38:47
ORD01039,YokAndPun,100,2.46,Buy,AWC,2025-09-18 12:18:10
ORD01040,YokAndPun,100,2.46,Buy,AWC,2025-09-18 12:18:10
ORD01041,YokAndPun,100,7.85,Buy,HMPRO,2025-09-18 12:00:11
ORD01042,YokAndPun,100,30.25,Sell,KTC,2025-09-18 10:39:00
ORD01043,YokAndPun,100,10.6,Buy,TLI,2025-09-18 15:37:43
ORD01044,YokAndPun,100,39.5,Buy,AOT,2025-09-18 10:55:07
ORD01045,YokAndPun,100,20.400000000000002,Buy,TIDLOR,2025-09-18 15:46:03
ORD01046,YokAndPun,100,20.400000000000002,Buy,TIDLOR,2025-09-18 15:46:03
ORD01047,YokAndPun,100,6.1000000000000005,Sell,CCET,2025-09-18 14:11:19
ORD01049,YokAndPun,100,6.1000000000000005,Sell,CCET,2025-09-18 14:11:47
ORD01050,YokAndPun,100,30.25,Buy,KTC,2025-09-18 10:40:09
ORD01051,YokAndPun,100,39.5,Buy,AOT,2025-09-18 11:00:39
ORD01052,YokAndPun,100,2.46,Buy,AWC,2025-09-18 14:03:13
ORD01053,YokAndPun,100,2.46,Buy,AWC,2025-09-18 14:05:36
ORD01054,YokAndPun,100,7.8,Buy,HMPRO,2025-09-18 12:03:27
ORD01055,YokAndPun,100,20.400000000000002,Buy,TIDLOR,2025-09-18 16:05:46
ORD01056,YokAndPun,100,30.25,Buy,KTC,2025-09-18 10:43:04
ORD01057,YokAndPun,100,30.25,Sell,KTC,2025-09-18 10:43:06
ORD01059,YokAndPun,100,30.25,Buy,KTC,2025-09-18 10:45:08
ORD01060,YokAndPun,100,30.25,Buy,KTC,2025-09-18 10:45:19
ORD01061,YokAndPun,100,30.25,Buy,KTC,2025-09-18 10:45:31
ORD01062,YokAndPun,100,19.0,Sell,SCGP,2025-09-18 16:05:32
ORD01064,YokAndPun,100,19.0,Sell,SCGP,2025-09-18 16:05:32
ORD01065,YokAndPun,100,19.0,Sell,SCGP,2025-09-18 16:07:28
ORD01067,YokAndPun,100,19.0,Sell,SCGP,2025-09-18 16:07:38
ORD01068,YokAndPun,100,7.75,Buy,HMPRO,2025-09-18 14:01:21
ORD01069,YokAndPun,100,7.75,Buy,HMPRO,2025-09-18 14:02:30
ORD01070,YokAndPun,100,30.25,Sell,KTC,2025-09-18 10:48:38
ORD01072,YokAndPun,100,30.25,Sell,KTC,2025-09-18 10:48:38
ORD01074,YokAndPun,100,30.25,Sell,KTC,2025-09-18 10:49:41
ORD01076,YokAndPun,100,30.25,Sell,KTC,2025-09-18 10:49:41
ORD01077,YokAndPun,100,39.5,Sell,AOT,2025-09-18 11:20:22
ORD01078,YokAndPun,100,39.5,Sell,AOT,2025-09-18 11:20:22
ORD01079,YokAndPun,100,39.5,Sell,AOT,2025-09-18 11:20:22
ORD01080,YokAndPun,100,39.75,Buy,GPSC,2025-09-18 14:01:17
ORD01081,YokAndPun,100,13.6,Sell,OR,2025-09-18 12:06:52
ORD01082,YokAndPun,100,6.1499999999999995,Buy,CCET,2025-09-18 14:27:18
ORD01083,YokAndPun,100,6.1499999999999995,Buy,CCET,2025-09-18 14:28:52
ORD01084,YokAndPun,100,6.1499999999999995,Buy,CCET,2025-09-18 14:33:30
ORD01085,YokAndPun,100,6.1499999999999995,Buy,CCET,2025-09-18 14:33:41
ORD01086,YokAndPun,100,36.75,Buy,TOP,2025-09-18 14:03:07
ORD01087,YokAndPun,100,39.75,Buy,AOT,2025-09-18 11:29:00
ORD01088,YokAndPun,100,30.25,Buy,KTC,2025-09-18 10:51:24
ORD01089,YokAndPun,100,30.25,Buy,KTC,2025-09-18 10:51:24
ORD01090,YokAndPun,100,13.799999999999999,Buy,OR,2025-09-18 12:07:25
ORD01091,YokAndPun,100,30.25,Sell,KTC,2025-09-18 10:52:02
ORD01093,YokAndPun,100,39.75,Buy,GPSC,2025-09-18 14:46:56
ORD01094,YokAndPun,100,39.75,Buy,GPSC,2025-09-18 14:46:56
ORD01095,YokAndPun,100,6.1,Buy,CCET,2025-09-18 14:36:01
ORD01096,YokAndPun,100,39.75,Buy,GPSC,2025-09-18 14:46:59
ORD01097,YokAndPun,100,30.25,Sell,KTC,2025-09-18 10:56:47
ORD01098,YokAndPun,100,2.46,Sell,AWC,2025-09-18 16:05:59
ORD01100,YokAndPun,100,2.46,Sell,AWC,2025-09-18 16:05:59
ORD01102,YokAndPun,100,2.46,Sell,AWC,2025-09-18 16:05:59
ORD01103,YokAndPun,100,2.46,Sell,AWC,2025-09-18 16:06:07
ORD01105,YokAndPun,100,2.46,Sell,AWC,2025-09-18 16:06:12
ORD01106,YokAndPun,100,2.48,Buy,AWC,2025-09-18 16:07:31
ORD01107,YokAndPun,100,2.48,Buy,AWC,2025-09-18 16:07:32
ORD01108,YokAndPun,100,30.25,Buy,KTC,2025-09-18 11:04:05
ORD01109,YokAndPun,100,30.25,Buy,KTC,2025-09-18 11:04:05
ORD01110,YokAndPun,100,13.5,Sell,OR,2025-09-18 12:08:06
ORD01111,YokAndPun,100,13.5,Sell,OR,2025-09-18 12:08:06
ORD01112,YokAndPun,100,13.5,Sell,OR,2025-09-18 12:08:06
ORD01113,YokAndPun,100,13.5,Sell,OR,2025-09-18 12:08:06
ORD01114,YokAndPun,100,30.25,Sell,KTC,2025-09-18 11:04:23
ORD01116,YokAndPun,100,30.25,Sell,KTC,2025-09-18 11:04:33
ORD01117,YokAndPun,100,2.48,Buy,AWC,2025-09-18 16:08:18
ORD01118,YokAndPun,100,2.48,Buy,AWC,2025-09-18 16:10:28
ORD01119,YokAndPun,100,2.48,Buy,AWC,2025-09-18 16:10:38
ORD01120,YokAndPun,100,4.960000000000001,Sell,BANPU,2025-09-18 10:54:01
ORD01121,YokAndPun,100,10.6,Sell,TLI,2025-09-18 16:09:01
ORD01123,YokAndPun,100,10.6,Sell,TLI,2025-09-18 16:09:01
ORD01125,YokAndPun,100,10.6,Sell,TLI,2025-09-18 16:09:01
ORD01126,YokAndPun,100,6.1000000000000005,Sell,CCET,2025-09-18 14:53:01
ORD01127,YokAndPun,100,6.1000000000000005,Sell,CCET,2025-09-18 14:53:58
ORD01128,YokAndPun,100,10.6,Buy,TLI,2025-09-18 16:10:26
ORD01129,YokAndPun,100,39.75,Buy,AOT,2025-09-18 11:47:51
ORD01130,YokAndPun,100,6.1000000000000005,Sell,CCET,2025-09-18 14:54:56
ORD01131,YokAndPun,100,10.6,Buy,TLI,2025-09-18 16:11:33
ORD01132,YokAndPun,100,10.6,Buy,TLI,2025-09-18 16:11:33
ORD01133,YokAndPun,100,6.1000000000000005,Sell,CCET,2025-09-18 15:00:28
ORD01134,YokAndPun,100,6.1000000000000005,Sell,CCET,2025-09-18 15:00:28
ORD01135,YokAndPun,100,6.1499999999999995,Buy,CCET,2025-09-18 15:01:58
ORD01136,YokAndPun,100,39.75,Buy,AOT,2025-09-18 11:52:34
ORD01137,YokAndPun,100,24.1,Buy,MINT,2025-09-18 14:01:33
ORD01138,YokAndPun,100,13.799999999999999,Buy,OR,2025-09-18 12:09:01
ORD01139,YokAndPun,100,10.6,Sell,TLI,2025-09-18 16:16:48
ORD01141,YokAndPun,100,10.6,Sell,TLI,2025-09-18 16:16:48
ORD01143,YokAndPun,100,10.6,Sell,TLI,2025-09-18 16:16:48
ORD01144,YokAndPun,100,10.6,Sell,TLI,2025-09-18 16:16:55
ORD01146,YokAndPun,100,10.6,Sell,TLI,2025-09-18 16:17:02
ORD01147,YokAndPun,100,1.89,Sell,VGI,2025-09-18 16:24:56
ORD01148,YokAndPun,100,1.89,Sell,VGI,2025-09-18 16:24:56
ORD01149,YokAndPun,100,1.89,Sell,VGI,2025-09-18 16:24:56
ORD01150,YokAndPun,100,25.5,Sell,KTB,2025-09-18 15:57:13
ORD01152,YokAndPun,100,25.5,Sell,KTB,2025-09-18 15:57:13
ORD01154,YokAndPun,100,25.5,Sell,KTB,2025-09-18 15:57:13
ORD01155,YokAndPun,100,13.799999999999999,Buy,OR,2025-09-18 12:24:52
ORD01156,YokAndPun,100,25.5,Buy,KTB,2025-09-18 15:58:27
ORD01157,YokAndPun,100,25.5,Buy,KTB,2025-09-18 15:59:04
ORD01158,YokAndPun,100,25.5,Buy,KTB,2025-09-18 16:00:36
ORD01159,YokAndPun,100,10.7,Buy,TLI,2025-09-18 16:22:18
ORD01160,YokAndPun,100,10.7,Buy,TLI,2025-09-18 16:23:22
ORD01161,YokAndPun,100,30.5,Buy,KTC,2025-09-18 11:52:41
ORD01162,YokAndPun,100,10.7,Buy,TLI,2025-09-18 16:25:18
ORD01163,YokAndPun,100,6.1499999999999995,Buy,CCET,2025-09-18 15:45:54
ORD01164,YokAndPun,100,10.7,Buy,TLI,2025-09-18 16:25:40
ORD01165,YokAndPun,100,10.7,Buy,TLI,2025-09-18 16:25:52
ORD01166,YokAndPun,100,45.75,Sell,GULF,2025-09-18 12:12:52
ORD01167,YokAndPun,100,45.75,Sell,GULF,2025-09-18 12:13:00
ORD01168,YokAndPun,100,30.5,Buy,KTC,2025-09-18 11:58:13
ORD01169,YokAndPun,100,30.5,Buy,KTC,2025-09-18 11:58:18
ORD01170,YokAndPun,100,30.5,Buy,KTC,2025-09-18 11:58:32
ORD01171,YokAndPun,100,30.5,Buy,KTC,2025-09-18 12:00:08
ORD01172,YokAndPun,100,13.799999999999999,Buy,OR,2025-09-18 14:07:22
ORD01173,YokAndPun,100,40.0,Sell,GPSC,2025-09-18 16:01:51
ORD01175,YokAndPun,100,40.0,Sell,GPSC,2025-09-18 16:01:51
ORD01177,YokAndPun,100,40.0,Sell,GPSC,2025-09-18 16:01:57
ORD01179,YokAndPun,100,40.0,Sell,GPSC,2025-09-18 16:01:57
ORD01180,YokAndPun,100,40.0,Sell,GPSC,2025-09-18 16:02:16
ORD01181,YokAndPun,100,40.0,Buy,GPSC,2025-09-18 16:14:09
ORD01182,YokAndPun,100,3.74,Buy,WHA,2025-09-18 14:30:35
ORD01183,YokAndPun,100,3.74,Buy,WHA,2025-09-18 14:30:44
ORD01184,YokAndPun,100,3.2399999999999998,Sell,BTS,2025-09-18 10:59:40
ORD01186,YokAndPun,100,3.2399999999999998,Sell,BTS,2025-09-18 10:59:40
ORD01187,YokAndPun,100,4.4399999999999995,Buy,LH,2025-09-18 12:29:30
ORD01188,YokAndPun,100,13.799999999999999,Buy,OR,2025-09-18 14:54:23
ORD01189,YokAndPun,100,6.15,Sell,CCET,2025-09-18 16:16:23
ORD01191,YokAndPun,100,6.15,Sell,CCET,2025-09-18 16:17:06
ORD01192,YokAndPun,100,6.1499999999999995,Buy,CCET,2025-09-18 16:25:45
ORD01193,YokAndPun,100,48.75,Sell,CPALL,2025-09-18 15:51:18
ORD01195,YokAndPun,100,48.75,Sell,CPALL,2025-09-18 15:51:18
ORD01196,YokAndPun,100,6.1499999999999995,Buy,CCET,2025-09-18 16:25:47
ORD01197,YokAndPun,100,48.75,Sell,CPALL,2025-09-18 15:51:30
ORD01199,YokAndPun,100,48.75,Sell,CPALL,2025-09-18 15:51:30
ORD01200,YokAndPun,100,6.1499999999999995,Buy,CCET,2025-09-18 16:28:12
ORD01201,YokAndPun,100,6.1499999999999995,Buy,CCET,2025-09-18 16:29:03
ORD01202,YokAndPun,100,6.1499999999999995,Buy,CCET,2025-09-18 16:29:28
ORD01203,YokAndPun,100,3.76,Sell,WHA,2025-09-18 15:41:02
ORD01205,YokAndPun,100,4.42,Buy,LH,2025-09-18 14:49:00
ORD01206,YokAndPun,100,4.44,Sell,LH,2025-09-18 14:51:53
ORD01207,YokAndPun,100,4.42,Buy,LH,2025-09-18 14:52:14
ORD01208,YokAndPun,100,4.44,Sell,LH,2025-09-18 14:52:50
ORD01210,YokAndPun,100,4.44,Sell,LH,2025-09-18 14:53:37
ORD01212,YokAndPun,100,4.42,Buy,LH,2025-09-18 14:53:42
ORD01213,YokAndPun,100,24.0,Buy,MINT,2025-09-18 15:51:27
ORD01214,YokAndPun,100,30.5,Sell,KTC,2025-09-18 15:50:14
ORD01216,YokAndPun,100,30.5,Sell,KTC,2025-09-18 15:50:14
ORD01218,YokAndPun,100,30.5,Sell,KTC,2025-09-18 15:50:14
ORD01219,YokAndPun,100,30.5,Sell,KTC,2025-09-18 15:50:31
ORD01221,YokAndPun,100,30.5,Sell,KTC,2025-09-18 15:50:36
ORD01222,YokAndPun,100,30.75,Buy,KTC,2025-09-18 15:52:30
ORD01223,YokAndPun,100,30.75,Buy,KTC,2025-09-18 15:54:11
ORD01224,YokAndPun,100,30.75,Buy,KTC,2025-09-18 15:54:35
ORD01225,YokAndPun,100,30.75,Buy,KTC,2025-09-18 15:56:29
ORD01226,YokAndPun,100,30.75,Buy,KTC,2025-09-18 15:57:06
ORD01227,YokAndPun,100,21.1,Buy,BDMS,2025-09-18 15:38:09
ORD01228,YokAndPun,100,3.76,Sell,WHA,2025-09-18 16:08:22
ORD01230,YokAndPun,100,3.76,Sell,WHA,2025-09-18 16:08:27
ORD01232,YokAndPun,100,3.76,Sell,WHA,2025-09-18 16:08:27
ORD01234,YokAndPun,100,3.76,Sell,WHA,2025-09-18 16:08:32
ORD01235,YokAndPun,100,4.44,Sell,LH,2025-09-18 15:43:15
ORD01237,YokAndPun,100,4.44,Sell,LH,2025-09-18 15:58:27
ORD01238,YokAndPun,100,7.6000000000000005,Sell,HMPRO,2025-09-19 09:58:55
ORD01239,YokAndPun,100,7.6000000000000005,Sell,HMPRO,2025-09-19 09:58:55
ORD01240,YokAndPun,100,26.75,Sell,PTTGC,2025-09-19 09:59:19
ORD01241,YokAndPun,100,26.75,Sell,PTTGC,2025-09-19 09:59:19
ORD01242,YokAndPun,100,26.75,Sell,PTTGC,2025-09-19 09:59:19
ORD01243,YokAndPun,100,26.75,Sell,PTTGC,2025-09-19 09:59:19
ORD01244,YokAndPun,100,26.75,Sell,PTTGC,2025-09-19 09:59:19
ORD01245,YokAndPun,100,27.25,Buy,PTTGC,2025-09-19 09:59:19
ORD01247,YokAndPun,100,7.55,Sell,HMPRO,2025-09-19 10:01:01
ORD01246,YokAndPun,100,7.6499999999999995,Buy,HMPRO,2025-09-19 10:01:01
ORD01248,YokAndPun,100,22.1,Buy,CRC,2025-09-19 09:58:56
ORD01249,YokAndPun,100,27.25,Buy,PTTGC,2025-09-19 10:00:49
ORD01250,YokAndPun,100,40.5,Buy,CPN,2025-09-19 10:00:28
ORD01251,YokAndPun,100,7.6499999999999995,Buy,HMPRO,2025-09-19 10:01:01
ORD01252,YokAndPun,100,25.5,Sell,KTB,2025-09-19 10:01:22
ORD01254,YokAndPun,100,25.5,Sell,KTB,2025-09-19 10:01:22
ORD01256,YokAndPun,100,25.5,Sell,KTB,2025-09-19 10:01:22
ORD01257,YokAndPun,100,56.5,Sell,CPN,2025-09-19 10:00:38
ORD01258,YokAndPun,100,25.5,Buy,KTB,2025-09-19 10:01:22
ORD01259,YokAndPun,100,25.5,Buy,KTB,2025-09-19 10:01:35
ORD01260,YokAndPun,100,27.25,Buy,PTTGC,2025-09-19 10:01:13
ORD01261,YokAndPun,100,27.25,Buy,PTTGC,2025-09-19 10:01:26
ORD01262,YokAndPun,100,163.5,Buy,DELTA,2025-09-19 09:59:19
ORD01263,YokAndPun,100,18.5,Buy,OSP,2025-09-19 10:00:41
ORD01264,YokAndPun,100,18.5,Buy,OSP,2025-09-19 10:00:41
ORD01265,YokAndPun,100,18.5,Buy,OSP,2025-09-19 10:00:41
ORD01266,YokAndPun,100,20.900000000000002,Buy,BDMS,2025-09-19 10:00:08
ORD01267,YokAndPun,100,42.75,Sell,MTC,2025-09-19 09:59:01
ORD01268,YokAndPun,100,25.5,Buy,KTB,2025-09-19 10:04:06
ORD01269,YokAndPun,100,42.25,Buy,MTC,2025-09-19 10:00:10
ORD01270,YokAndPun,100,42.5,Sell,MTC,2025-09-19 10:00:16
ORD01271,YokAndPun,100,3.24,Buy,BTS,2025-09-19 10:00:53
ORD01272,YokAndPun,100,20.5,Sell,TIDLOR,2025-09-19 10:08:00
ORD01274,YokAndPun,100,20.5,Sell,TIDLOR,2025-09-19 10:08:00
ORD01275,YokAndPun,100,20.5,Sell,TIDLOR,2025-09-19 10:08:00
ORD01277,YokAndPun,100,20.5,Sell,TIDLOR,2025-09-19 10:08:05
ORD01278,YokAndPun,100,7.6499999999999995,Buy,HMPRO,2025-09-19 10:03:00
ORD01279,YokAndPun,100,27.25,Buy,PTTGC,2025-09-19 10:08:42
ORD01280,YokAndPun,100,39.75,Buy,GPSC,2025-09-19 10:01:13
ORD01281,YokAndPun,100,45.5,Buy,GULF,2025-09-19 10:01:52
ORD01282,YokAndPun,100,59.0,Sell,KKP,2025-09-19 10:13:29
ORD01284,YokAndPun,100,59.0,Sell,KKP,2025-09-19 10:13:29
ORD01285,YokAndPun,100,59.0,Sell,KKP,2025-09-19 10:13:29
ORD01287,YokAndPun,100,59.0,Sell,KKP,2025-09-19 10:13:29
ORD01288,YokAndPun,100,59.0,Sell,KKP,2025-09-19 10:14:27
ORD01289,YokAndPun,100,115.5,Buy,PTTEP,2025-09-19 10:01:53
ORD01290,YokAndPun,100,39.75,Buy,GPSC,2025-09-19 10:02:37
ORD01291,YokAndPun,100,58.75,Buy,KKP,2025-09-19 10:16:40
ORD01292,YokAndPun,100,58.75,Buy,KKP,2025-09-19 10:16:40
ORD01293,YokAndPun,100,58.5,Buy,KKP,2025-09-19 10:16:49
ORD01294,YokAndPun,100,20.6,Buy,TIDLOR,2025-09-19 10:08:21
ORD01295,YokAndPun,100,58.5,Buy,KKP,2025-09-19 10:16:49
ORD01296,YokAndPun,100,20.6,Buy,TIDLOR,2025-09-19 10:08:26
ORD01297,YokAndPun,100,20.7,Sell,TIDLOR,2025-09-19 10:08:26
ORD01299,YokAndPun,100,20.7,Sell,TIDLOR,2025-09-19 10:08:26
ORD01301,YokAndPun,100,19.7,Sell,BJC,2025-09-19 10:07:37
ORD01302,YokAndPun,100,19.7,Sell,BJC,2025-09-19 10:07:37
ORD01300,YokAndPun,100,19.900000000000002,Buy,BJC,2025-09-19 10:07:37
ORD01303,YokAndPun,100,58.75,Sell,KKP,2025-09-19 10:16:59
ORD01305,YokAndPun,100,58.75,Sell,KKP,2025-09-19 10:16:59
ORD01307,YokAndPun,100,58.75,Sell,KKP,2025-09-19 10:19:35
ORD01309,YokAndPun,100,59.0,Sell,KKP,2025-09-19 10:19:51
ORD01310,YokAndPun,100,42.0,Buy,MTC,2025-09-19 10:04:20
ORD01311,YokAndPun,100,42.5,Sell,MTC,2025-09-19 10:04:24
ORD01312,YokAndPun,100,18.599999999999998,Sell,OSP,2025-09-19 10:07:31
ORD01314,YokAndPun,100,18.599999999999998,Sell,OSP,2025-09-19 10:07:31
ORD01315,YokAndPun,100,18.599999999999998,Sell,OSP,2025-09-19 10:08:29
ORD01316,YokAndPun,100,5.3,Sell,BEM,2025-09-19 10:34:28
ORD01318,YokAndPun,100,5.3,Sell,BEM,2025-09-19 10:34:28
ORD01320,YokAndPun,100,5.3,Sell,BEM,2025-09-19 10:34:28
ORD01321,YokAndPun,100,5.3,Buy,BEM,2025-09-19 10:35:38
ORD01322,YokAndPun,100,20.700000000000003,Buy,TIDLOR,2025-09-19 10:08:35
ORD01323,YokAndPun,100,20.799999999999997,Sell,TIDLOR,2025-09-19 10:08:35
ORD01324,YokAndPun,100,25.5,Sell,KTB,2025-09-19 10:12:13
ORD01326,YokAndPun,100,25.5,Sell,KTB,2025-09-19 10:12:13
ORD01328,YokAndPun,100,25.5,Sell,KTB,2025-09-19 10:12:13
ORD01334,YokAndPun,100,5.3,Sell,BEM,2025-09-19 10:38:36
ORD01336,YokAndPun,100,5.3,Sell,BEM,2025-09-19 10:38:36
ORD01337,YokAndPun,100,27.25,Sell,PTTGC,2025-09-19 10:20:16
ORD01339,YokAndPun,100,27.25,Sell,PTTGC,2025-09-19 10:20:16
ORD01341,YokAndPun,100,27.25,Sell,PTTGC,2025-09-19 10:20:16
ORD01342,YokAndPun,100,25.5,Sell,KTB,2025-09-19 10:12:13
ORD01344,YokAndPun,100,5.3,Buy,BEM,2025-09-19 10:40:34
ORD01345,YokAndPun,100,18.900000000000002,Buy,SCGP,2025-09-19 10:41:46
ORD01346,YokAndPun,100,5.3,Buy,BEM,2025-09-19 10:40:38
ORD01347,YokAndPun,100,25.5,Sell,KTB,2025-09-19 10:12:13
ORD01348,YokAndPun,100,30.75,Sell,KTC,2025-09-19 10:10:32
ORD01350,YokAndPun,100,30.75,Sell,KTC,2025-09-19 10:10:32
ORD01352,YokAndPun,100,30.75,Sell,KTC,2025-09-19 10:10:32
ORD01353,YokAndPun,100,27.25,Sell,PTTGC,2025-09-19 10:21:03
ORD01355,YokAndPun,100,27.25,Sell,PTTGC,2025-09-19 10:21:35
ORD01356,YokAndPun,100,30.75,Sell,KTC,2025-09-19 10:10:32
ORD01358,YokAndPun,100,22.2,Sell,CRC,2025-09-19 09:59:44
ORD01359,YokAndPun,100,30.75,Sell,KTC,2025-09-19 10:10:32
ORD01360,YokAndPun,100,25.75,Buy,KTB,2025-09-19 10:12:42
ORD01361,YokAndPun,100,25.75,Buy,KTB,2025-09-19 10:13:22
ORD01362,YokAndPun,100,25.75,Buy,KTB,2025-09-19 10:13:33
ORD01363,YokAndPun,100,42.75,Buy,MTC,2025-09-19 10:09:37
ORD01364,YokAndPun,100,43.0,Buy,MTC,2025-09-19 10:09:37
ORD01365,YokAndPun,100,43.0,Sell,MTC,2025-09-19 10:09:40
ORD01366,YokAndPun,100,25.75,Buy,KTB,2025-09-19 10:13:50
ORD01367,YokAndPun,100,20.0,Sell,BJC,2025-09-19 10:11:19
ORD01368,YokAndPun,100,31.0,Buy,KTC,2025-09-19 10:10:39
ORD01369,YokAndPun,100,31.0,Buy,KTC,2025-09-19 10:10:44
ORD01370,YokAndPun,100,25.75,Buy,KTB,2025-09-19 10:14:39
ORD01371,YokAndPun,100,40.0,Buy,GPSC,2025-09-19 10:18:19
ORD01372,YokAndPun,100,7.7,Sell,HMPRO,2025-09-19 10:38:08
ORD01374,YokAndPun,100,7.7,Sell,HMPRO,2025-09-19 10:38:08
ORD01375,YokAndPun,100,7.7,Buy,HMPRO,2025-09-19 10:38:35
ORD01376,YokAndPun,100,39.75,Buy,GPSC,2025-09-19 10:18:25
ORD01377,YokAndPun,100,43.25,Sell,MTC,2025-09-19 10:10:26
ORD01378,YokAndPun,100,20.900000000000002,Buy,TIDLOR,2025-09-19 10:08:56
ORD01379,YokAndPun,100,21.099999999999998,Sell,TIDLOR,2025-09-19 10:08:56
ORD01380,YokAndPun,100,10.3,Sell,TLI,2025-09-19 13:55:50
ORD01381,YokAndPun,100,10.3,Sell,TLI,2025-09-19 13:55:50
ORD01382,YokAndPun,100,10.3,Sell,TLI,2025-09-19 13:55:50
ORD01383,YokAndPun,100,10.3,Sell,TLI,2025-09-19 13:55:50
ORD01384,YokAndPun,100,10.3,Sell,TLI,2025-09-19 13:55:50
ORD01385,YokAndPun,100,10.5,Buy,TLI,2025-09-19 13:55:50
ORD01386,YokAndPun,100,43.0,Buy,MTC,2025-09-19 10:12:41
ORD01387,YokAndPun,100,10.5,Buy,TLI,2025-09-19 13:55:50
ORD01388,YokAndPun,100,43.25,Buy,MTC,2025-09-19 10:12:42
ORD01389,YokAndPun,100,7.7,Sell,HMPRO,2025-09-19 10:52:37
ORD01391,YokAndPun,100,7.7,Sell,HMPRO,2025-09-19 10:52:37
ORD01392,YokAndPun,100,7.7,Sell,HMPRO,2025-09-19 10:53:10
ORD01393,YokAndPun,100,27.5,Buy,PTTGC,2025-09-19 10:27:02
ORD01394,YokAndPun,100,20.900000000000002,Buy,TIDLOR,2025-09-19 10:09:01
ORD01395,YokAndPun,100,21.099999999999998,Sell,TIDLOR,2025-09-19 10:09:01
ORD01396,YokAndPun,100,7.7,Buy,HMPRO,2025-09-19 10:56:41
ORD01397,YokAndPun,100,7.7,Buy,HMPRO,2025-09-19 10:57:25
ORD01398,YokAndPun,100,14.0,Sell,OR,2025-09-19 10:14:38
ORD01400,YokAndPun,100,14.0,Sell,OR,2025-09-19 10:14:38
ORD01402,YokAndPun,100,14.0,Sell,OR,2025-09-19 10:14:38
ORD01403,YokAndPun,100,13.9,Buy,OR,2025-09-19 10:16:09
ORD01404,YokAndPun,100,13.9,Buy,OR,2025-09-19 10:16:13
ORD01405,YokAndPun,100,31.0,Sell,KTC,2025-09-19 10:11:52
ORD01407,YokAndPun,100,13.9,Buy,OR,2025-09-19 10:21:05
ORD01408,YokAndPun,100,14.0,Sell,OR,2025-09-19 10:23:13
ORD01410,YokAndPun,100,14.0,Sell,OR,2025-09-19 10:23:13
ORD01412,YokAndPun,100,14.0,Sell,OR,2025-09-19 10:23:13
ORD01413,YokAndPun,100,20.900000000000002,Buy,TIDLOR,2025-09-19 10:09:09
ORD01414,YokAndPun,100,21.099999999999998,Sell,TIDLOR,2025-09-19 10:09:11
ORD01415,YokAndPun,100,20.900000000000002,Buy,TIDLOR,2025-09-19 10:09:16
ORD01416,YokAndPun,100,10.5,Buy,TLI,2025-09-19 13:55:51
ORD01417,YokAndPun,100,43.25,Sell,MTC,2025-09-19 10:13:29
ORD01418,YokAndPun,100,21.0,Sell,TIDLOR,2025-09-19 10:09:17
ORD01419,YokAndPun,100,5.25,Buy,BEM,2025-09-19 11:15:55
ORD01420,YokAndPun,100,10.5,Buy,TLI,2025-09-19 13:57:11
ORD01421,YokAndPun,100,5.25,Buy,BEM,2025-09-19 11:16:19
ORD01422,YokAndPun,100,13.9,Buy,OR,2025-09-19 10:24:15
ORD01423,YokAndPun,100,18.8,Buy,SCGP,2025-09-19 11:22:39
ORD01424,YokAndPun,100,13.9,Buy,OR,2025-09-19 10:25:17
ORD01425,YokAndPun,100,10.5,Buy,TLI,2025-09-19 13:59:34
ORD01426,YokAndPun,100,31.0,Sell,KTC,2025-09-19 10:12:55
ORD01427,YokAndPun,100,27.5,Sell,PTTGC,2025-09-19 10:29:10
ORD01428,YokAndPun,100,13.9,Buy,OR,2025-09-19 10:26:56
ORD01429,YokAndPun,100,45.75,Sell,GULF,2025-09-19 10:12:12
ORD01430,YokAndPun,100,21.0,Buy,TIDLOR,2025-09-19 10:09:36
ORD01431,YokAndPun,100,21.099999999999998,Sell,TIDLOR,2025-09-19 10:09:37
ORD01432,YokAndPun,100,21.0,Buy,TIDLOR,2025-09-19 10:09:41
ORD01433,YokAndPun,100,21.099999999999998,Sell,TIDLOR,2025-09-19 10:09:42
ORD01434,YokAndPun,100,10.5,Sell,TLI,2025-09-19 14:03:02
ORD01436,YokAndPun,100,10.5,Sell,TLI,2025-09-19 14:03:02
ORD01438,YokAndPun,100,10.5,Sell,TLI,2025-09-19 14:03:02
ORD01439,YokAndPun,100,10.5,Sell,TLI,2025-09-19 14:03:02
ORD01441,YokAndPun,100,5.25,Sell,BEM,2025-09-19 11:34:49
ORD01443,YokAndPun,100,10.5,Sell,TLI,2025-09-19 14:03:02
ORD01444,YokAndPun,100,5.25,Sell,BEM,2025-09-19 11:36:14
ORD01446,YokAndPun,100,5.25,Sell,BEM,2025-09-19 11:36:14
ORD01448,YokAndPun,100,7.75,Buy,HMPRO,2025-09-19 11:09:32
ORD01449,YokAndPun,100,5.25,Buy,BEM,2025-09-19 11:37:43
ORD01450,YokAndPun,100,5.25,Buy,BEM,2025-09-19 11:37:45
ORD01451,YokAndPun,100,10.6,Buy,TLI,2025-09-19 14:05:38
ORD01452,YokAndPun,100,10.6,Buy,TLI,2025-09-19 14:07:27
ORD01453,YokAndPun,100,5.25,Buy,BEM,2025-09-19 11:41:55
ORD01454,YokAndPun,100,10.6,Buy,TLI,2025-09-19 14:09:01
ORD01455,YokAndPun,100,31.0,Buy,KTC,2025-09-19 10:15:04
ORD01456,YokAndPun,100,27.75,Buy,PTTGC,2025-09-19 11:19:28
ORD01457,YokAndPun,100,31.0,Buy,KTC,2025-09-19 10:15:44
ORD01458,YokAndPun,100,5.25,Sell,BEM,2025-09-19 12:17:05
ORD01460,YokAndPun,100,5.25,Sell,BEM,2025-09-19 12:17:05
ORD01462,YokAndPun,100,5.25,Sell,BEM,2025-09-19 12:17:05
ORD01463,YokAndPun,100,5.25,Sell,BEM,2025-09-19 12:20:01
ORD01465,YokAndPun,100,5.25,Buy,BEM,2025-09-19 12:20:18
ORD01466,YokAndPun,100,5.25,Buy,BEM,2025-09-19 12:23:13
ORD01467,YokAndPun,100,5.25,Buy,BEM,2025-09-19 12:26:35
ORD01468,YokAndPun,100,5.25,Buy,BEM,2025-09-19 12:28:31
ORD01469,YokAndPun,100,7.7,Buy,HMPRO,2025-09-19 11:20:20
ORD01470,YokAndPun,100,27.5,Buy,PTTGC,2025-09-19 11:40:37
ORD01471,YokAndPun,100,27.5,Buy,PTTGC,2025-09-19 11:43:07
ORD01472,YokAndPun,100,27.5,Buy,PTTGC,2025-09-19 11:43:25
ORD01473,YokAndPun,100,27.5,Buy,PTTGC,2025-09-19 11:46:47
ORD01474,YokAndPun,100,10.6,Buy,TLI,2025-09-19 14:41:01
ORD01475,YokAndPun,100,10.6,Buy,TLI,2025-09-19 14:41:01
ORD01476,YokAndPun,100,10.6,Sell,TLI,2025-09-19 14:41:38
ORD01478,YokAndPun,100,10.6,Sell,TLI,2025-09-19 14:41:38
ORD01480,YokAndPun,100,10.6,Sell,TLI,2025-09-19 14:41:38
ORD01481,YokAndPun,100,10.6,Sell,TLI,2025-09-19 14:44:42
ORD01483,YokAndPun,100,10.6,Sell,TLI,2025-09-19 14:44:43
ORD01484,YokAndPun,100,3.24,Buy,BTS,2025-09-19 11:15:01
ORD01485,YokAndPun,100,3.24,Buy,BTS,2025-09-19 11:15:01
ORD01486,YokAndPun,100,10.6,Buy,TLI,2025-09-19 15:33:16
ORD01487,YokAndPun,100,18.9,Sell,SCGP,2025-09-19 14:45:39
ORD01488,YokAndPun,100,1.91,Buy,VGI,2025-09-19 11:06:12
ORD01489,YokAndPun,100,40.0,Sell,GPSC,2025-09-19 12:25:27
ORD01491,YokAndPun,100,40.0,Sell,GPSC,2025-09-19 12:25:27
ORD01492,YokAndPun,100,40.0,Sell,GPSC,2025-09-19 12:25:27
ORD01494,YokAndPun,100,40.0,Sell,GPSC,2025-09-19 12:25:27
ORD01495,YokAndPun,100,40.0,Sell,GPSC,2025-09-19 12:25:27
ORD01496,YokAndPun,100,10.6,Sell,TLI,2025-09-19 15:52:21
ORD01497,YokAndPun,100,26.75,Sell,PTTGC,2025-09-19 12:22:22
ORD01498,YokAndPun,100,27.25,Buy,PTTGC,2025-09-19 12:22:30
ORD01499,YokAndPun,100,20.8,Buy,TIDLOR,2025-09-19 10:20:09
ORD01500,YokAndPun,100,20.700000000000003,Buy,TIDLOR,2025-09-19 10:20:09
ORD01501,YokAndPun,100,25.75,Sell,RATCH,2025-09-19 14:08:44
ORD01502,YokAndPun,100,25.75,Sell,RATCH,2025-09-19 14:08:44
ORD01503,YokAndPun,100,25.75,Sell,RATCH,2025-09-19 14:08:44
ORD01504,YokAndPun,100,25.75,Sell,RATCH,2025-09-19 14:08:44
ORD01505,YokAndPun,100,25.75,Sell,RATCH,2025-09-19 14:08:44
ORD01506,YokAndPun,100,20.9,Sell,TIDLOR,2025-09-19 10:20:11
ORD01508,YokAndPun,100,26.25,Buy,RATCH,2025-09-19 14:08:44
ORD01509,YokAndPun,100,20.9,Sell,TIDLOR,2025-09-19 10:20:13
ORD01510,YokAndPun,100,10.6,Buy,TLI,2025-09-19 16:01:16
ORD01511,YokAndPun,100,26.25,Buy,RATCH,2025-09-19 14:09:21
ORD01512,YokAndPun,100,10.6,Buy,TLI,2025-09-19 16:01:16
ORD01513,YokAndPun,100,26.25,Buy,RATCH,2025-09-19 14:10:10
ORD01514,YokAndPun,100,26.25,Buy,RATCH,2025-09-19 14:10:23
ORD01515,YokAndPun,100,31.0,Buy,KTC,2025-09-19 10:18:23
ORD01516,YokAndPun,100,42.75,Buy,MTC,2025-09-19 11:34:44
ORD01517,YokAndPun,100,26.25,Buy,RATCH,2025-09-19 14:24:02
ORD01518,YokAndPun,100,10.6,Buy,TLI,2025-09-19 16:01:20
ORD01519,YokAndPun,100,10.6,Buy,TLI,2025-09-19 16:01:20
ORD01520,YokAndPun,100,10.6,Buy,TLI,2025-09-19 16:01:29
ORD01521,YokAndPun,100,31.0,Sell,KTC,2025-09-19 10:19:48
ORD01523,YokAndPun,100,31.0,Sell,KTC,2025-09-19 10:19:48
ORD01524,YokAndPun,100,24.7,Sell,COM7,2025-09-19 13:55:50
ORD01525,YokAndPun,100,24.7,Sell,COM7,2025-09-19 13:55:50
ORD01526,YokAndPun,100,24.7,Sell,COM7,2025-09-19 13:55:50
ORD01527,YokAndPun,100,24.7,Sell,COM7,2025-09-19 13:55:50
ORD01528,YokAndPun,100,24.7,Sell,COM7,2025-09-19 13:55:50
ORD01529,YokAndPun,100,24.900000000000002,Buy,COM7,2025-09-19 13:56:12
ORD01530,YokAndPun,100,31.0,Sell,KTC,2025-09-19 10:21:49
ORD01531,YokAndPun,100,26.25,Sell,RATCH,2025-09-19 14:47:57
ORD01533,YokAndPun,100,26.25,Sell,RATCH,2025-09-19 14:47:57
ORD01535,YokAndPun,100,26.25,Sell,RATCH,2025-09-19 14:47:57
ORD01536,YokAndPun,100,26.25,Buy,RATCH,2025-09-19 14:48:06
ORD01537,YokAndPun,100,26.25,Buy,RATCH,2025-09-19 14:50:30
ORD01538,YokAndPun,100,26.25,Buy,RATCH,2025-09-19 14:50:36
ORD01539,YokAndPun,100,27.25,Sell,PTTGC,2025-09-19 14:34:05
ORD01540,YokAndPun,100,25.0,Sell,COM7,2025-09-19 14:01:38
ORD01541,YokAndPun,100,40.0,Buy,GPSC,2025-09-19 14:11:34
ORD01542,YokAndPun,100,25.25,Buy,COM7,2025-09-19 14:05:29
ORD01543,YokAndPun,100,25.25,Buy,COM7,2025-09-19 14:05:58
ORD01544,YokAndPun,100,27.25,Sell,PTTGC,2025-09-19 14:44:14
ORD01545,YokAndPun,100,27.25,Sell,PTTGC,2025-09-19 14:50:08
ORD01546,YokAndPun,100,40.0,Buy,GPSC,2025-09-19 14:15:37
ORD01547,YokAndPun,100,27.25,Sell,PTTGC,2025-09-19 14:50:08
ORD01548,YokAndPun,100,27.25,Sell,PTTGC,2025-09-19 14:50:58
ORD01549,YokAndPun,100,31.5,Buy,KTC,2025-09-19 10:26:26
ORD01551,YokAndPun,100,1.88,Sell,VGI,2025-09-19 12:15:36
ORD01552,YokAndPun,100,1.88,Sell,VGI,2025-09-19 12:15:36
ORD01550,YokAndPun,100,1.9,Buy,VGI,2025-09-19 12:15:36
ORD01553,YokAndPun,100,27.5,Buy,PTTGC,2025-09-19 15:09:42
ORD01554,YokAndPun,100,26.25,Sell,RATCH,2025-09-19 15:26:04
ORD01556,YokAndPun,100,26.25,Sell,RATCH,2025-09-19 15:26:04
ORD01558,YokAndPun,100,26.25,Sell,RATCH,2025-09-19 15:26:04
ORD01559,YokAndPun,100,26.25,Buy,RATCH,2025-09-19 15:27:16
ORD01560,YokAndPun,100,26.25,Buy,RATCH,2025-09-19 15:27:38
ORD01561,YokAndPun,100,31.5,Buy,KTC,2025-09-19 10:26:53
ORD01562,YokAndPun,100,25.25,Buy,COM7,2025-09-19 14:14:43
ORD01563,YokAndPun,100,4.84,Buy,BANPU,2025-09-19 10:58:25
ORD01564,YokAndPun,100,31.5,Buy,KTC,2025-09-19 10:27:19
ORD01565,YokAndPun,100,25.25,Buy,COM7,2025-09-19 14:17:12
ORD01566,YokAndPun,100,27.5,Buy,PTTGC,2025-09-19 15:24:43
ORD01567,YokAndPun,100,27.5,Buy,PTTGC,2025-09-19 15:25:50
ORD01568,YokAndPun,100,25.25,Buy,COM7,2025-09-19 14:17:30
ORD01569,YokAndPun,100,31.5,Buy,KTC,2025-09-19 10:27:49
ORD01570,YokAndPun,100,21.0,Sell,BDMS,2025-09-19 10:54:42
ORD01571,YokAndPun,100,27.5,Buy,PTTGC,2025-09-19 15:33:32
ORD01572,YokAndPun,100,31.5,Buy,KTC,2025-09-19 10:28:11
ORD01573,YokAndPun,100,27.5,Buy,PTTGC,2025-09-19 15:33:50
ORD01574,YokAndPun,100,26.25,Buy,RATCH,2025-09-19 15:40:36
ORD01575,YokAndPun,100,26.25,Sell,RATCH,2025-09-19 15:41:00
ORD01577,YokAndPun,100,26.25,Sell,RATCH,2025-09-19 15:41:00
ORD01579,YokAndPun,100,26.25,Sell,RATCH,2025-09-19 15:41:00
ORD01580,YokAndPun,100,26.25,Buy,RATCH,2025-09-19 15:41:26
ORD01581,YokAndPun,100,27.5,Sell,PTTGC,2025-09-19 15:40:21
ORD01583,YokAndPun,100,27.5,Sell,PTTGC,2025-09-19 15:40:21
ORD01585,YokAndPun,100,27.5,Sell,PTTGC,2025-09-19 15:40:21
ORD01587,YokAndPun,100,26.25,Buy,RATCH,2025-09-19 15:43:06
ORD01588,YokAndPun,100,27.5,Buy,PTTGC,2025-09-19 15:42:34
ORD01589,YokAndPun,100,21.0,Sell,BDMS,2025-09-19 10:57:06
ORD01590,YokAndPun,100,27.5,Buy,PTTGC,2025-09-19 15:44:48
ORD01591,YokAndPun,100,26.25,Buy,RATCH,2025-09-19 15:43:56
ORD01592,YokAndPun,100,40.25,Sell,GPSC,2025-09-19 14:37:55
ORD01594,YokAndPun,100,40.25,Sell,GPSC,2025-09-19 14:42:08
ORD01595,YokAndPun,100,27.5,Buy,PTTGC,2025-09-19 15:49:55
ORD01596,YokAndPun,100,27.5,Sell,PTTGC,2025-09-19 15:52:34
ORD01598,YokAndPun,100,27.5,Sell,PTTGC,2025-09-19 15:52:34
ORD01600,YokAndPun,100,27.5,Sell,PTTGC,2025-09-19 15:52:34
ORD01601,YokAndPun,100,27.5,Buy,PTTGC,2025-09-19 15:53:29
ORD01602,YokAndPun,100,27.5,Buy,PTTGC,2025-09-19 15:55:50
ORD01603,YokAndPun,100,27.5,Buy,PTTGC,2025-09-19 15:58:29
ORD01604,YokAndPun,100,4.86,Sell,BANPU,2025-09-19 11:17:13
ORD01605,YokAndPun,100,41.75,Sell,MTC,2025-09-19 12:28:07
ORD01606,YokAndPun,100,3.24,Buy,BTS,2025-09-19 12:21:20
ORD01607,YokAndPun,100,58.5,Buy,KKP,2025-09-19 16:36:20
ORD01608,YokAndPun,100,3.24,Buy,BTS,2025-09-19 14:08:10
ORD01609,YokAndPun,100,18.700000000000003,Buy,OSP,2025-09-19 16:28:55
ORD01610,YokAndPun,100,7.75,Sell,HMPRO,2025-09-19 15:29:44
ORD01612,YokAndPun,100,7.75,Sell,HMPRO,2025-09-19 15:29:44
ORD01614,YokAndPun,100,7.75,Sell,HMPRO,2025-09-19 15:29:44
ORD01616,YokAndPun,100,7.75,Sell,HMPRO,2025-09-19 15:29:48
ORD01617,YokAndPun,100,7.75,Sell,HMPRO,2025-09-19 15:29:48
ORD01618,YokAndPun,100,2.38,Sell,AWC,2025-09-19 16:36:20
ORD01619,YokAndPun,100,2.38,Sell,AWC,2025-09-19 16:36:20
ORD01620,YokAndPun,100,2.38,Sell,AWC,2025-09-19 16:36:20
ORD01621,YokAndPun,100,2.38,Sell,AWC,2025-09-19 16:36:20
ORD01622,YokAndPun,100,2.38,Sell,AWC,2025-09-19 16:36:20
ORD01623,YokAndPun,100,7.75,Buy,HMPRO,2025-09-19 15:59:00
ORD01624,YokAndPun,100,40.5,Buy,GPSC,2025-09-19 16:29:43
ORD01625,YokAndPun,100,3.26,Sell,BTS,2025-09-19 15:23:33
ORD01627,YokAndPun,100,3.26,Sell,BTS,2025-09-19 15:23:33
ORD01629,YokAndPun,100,3.26,Sell,BTS,2025-09-19 15:23:33
ORD01630,YokAndPun,100,3.26,Sell,BTS,2025-09-19 15:23:50
ORD01632,YokAndPun,100,3.2600000000000002,Buy,BTS,2025-09-19 15:24:47
ORD01633,YokAndPun,100,115.5,Buy,PTTEP,2025-09-19 15:35:52
ORD01634,YokAndPun,100,50.75,Buy,TCAP,2025-09-19 16:36:20
ORD01635,YokAndPun,100,7.7,Buy,HMPRO,2025-09-19 16:18:06
ORD01636,YokAndPun,100,115.5,Buy,PTTEP,2025-09-19 15:49:32
ORD01637,YokAndPun,100,7.75,Sell,HMPRO,2025-09-19 16:21:39
ORD01638,YokAndPun,100,7.7,Buy,HMPRO,2025-09-19 16:22:17
ORD01639,YokAndPun,100,7.7,Buy,HMPRO,2025-09-19 16:29:00
ORD01640,YokAndPun,100,7.7,Buy,HMPRO,2025-09-19 16:29:30
ORD01641,YokAndPun,100,4.42,Buy,LH,2025-09-19 14:00:36
ORD01642,YokAndPun,100,4.460000000000001,Sell,LH,2025-09-19 14:02:30
ORD01643,YokAndPun,100,3.24,Buy,BTS,2025-09-19 16:06:48
ORD01644,YokAndPun,100,10.9,Sell,TRUE,2025-09-19 14:00:10
ORD01645,YokAndPun,100,10.9,Sell,TRUE,2025-09-19 14:00:10
ORD01646,YokAndPun,100,10.9,Sell,TRUE,2025-09-19 14:00:10
ORD01647,YokAndPun,100,10.9,Sell,TRUE,2025-09-19 14:00:10
ORD01648,YokAndPun,100,10.9,Sell,TRUE,2025-09-19 14:00:10
ORD01649,YokAndPun,100,11.1,Buy,TRUE,2025-09-19 14:00:10
ORD01650,YokAndPun,100,38.5,Sell,AOT,2025-09-19 14:00:45
ORD01651,YokAndPun,100,38.5,Sell,AOT,2025-09-19 14:00:45
ORD01652,YokAndPun,100,38.5,Sell,AOT,2025-09-19 14:00:45
ORD01653,YokAndPun,100,38.5,Sell,AOT,2025-09-19 14:00:45
ORD01654,YokAndPun,100,38.5,Sell,AOT,2025-09-19 14:00:45
ORD01655,YokAndPun,100,22.799999999999997,Sell,CPF,2025-09-19 12:12:32
ORD01656,YokAndPun,100,22.799999999999997,Sell,CPF,2025-09-19 12:12:32
ORD01657,YokAndPun,100,11.1,Buy,TRUE,2025-09-19 14:00:21
ORD01658,YokAndPun,100,11.1,Buy,TRUE,2025-09-19 14:00:21
ORD01659,YokAndPun,100,11.1,Buy,TRUE,2025-09-19 14:01:07
ORD01660,YokAndPun,100,30.25,Sell,KTC,2025-09-19 13:59:59
ORD01661,YokAndPun,100,30.25,Sell,KTC,2025-09-19 13:59:59
ORD01662,YokAndPun,100,30.25,Sell,KTC,2025-09-19 13:59:59
ORD01663,YokAndPun,100,30.25,Sell,KTC,2025-09-19 13:59:59
ORD01664,YokAndPun,100,30.25,Sell,KTC,2025-09-19 13:59:59
ORD01665,YokAndPun,100,30.75,Buy,KTC,2025-09-19 13:59:59
ORD01666,YokAndPun,100,39.25,Buy,AOT,2025-09-19 14:15:27
ORD01667,YokAndPun,100,39.25,Buy,AOT,2025-09-19 14:16:33
ORD01668,YokAndPun,100,39.25,Buy,AOT,2025-09-19 14:20:33
ORD01669,YokAndPun,100,11.1,Buy,TRUE,2025-09-19 14:08:07
ORD01670,YokAndPun,100,30.75,Sell,KTC,2025-09-19 14:06:00
ORD01671,YokAndPun,100,45.5,Buy,GULF,2025-09-19 15:46:21
ORD01672,YokAndPun,100,20.200000000000003,Buy,TIDLOR,2025-09-19 14:16:27
ORD01673,YokAndPun,100,31.0,Buy,KTC,2025-09-19 14:47:03
ORD01674,YokAndPun,100,31.0,Buy,KTC,2025-09-19 14:50:20
ORD01675,YokAndPun,100,31.0,Buy,KTC,2025-09-19 14:50:57
ORD01676,YokAndPun,100,31.0,Buy,KTC,2025-09-19 14:51:47
ORD01677,YokAndPun,100,31.0,Buy,KTC,2025-09-19 14:52:45
ORD01678,YokAndPun,100,20.900000000000002,Buy,BDMS,2025-09-19 15:53:34
ORD01679,YokAndPun,100,20.299999999999997,Sell,TIDLOR,2025-09-19 15:28:02
ORD01680,YokAndPun,100,45.75,Sell,GULF,2025-09-19 16:36:20
ORD01681,YokAndPun,100,178.5,Buy,BH,2025-09-19 16:12:16
ORD01682,YokAndPun,100,48.25,Buy,CPALL,2025-09-19 16:36:20
ORD01683,YokAndPun,100,20.8,Buy,BDMS,2025-09-19 16:36:20
ORD01684,YokAndPun,100,180.5,Sell,BH,2025-09-19 16:36:20
ORD01685,YokAndPun,100,126.5,Buy,SCB,2025-09-19 16:36:20
ORD01686,YokAndPun,100,10.700000000000001,Sell,TRUE,2025-09-19 16:14:22
ORD01687,YokAndPun,100,10.700000000000001,Sell,TRUE,2025-09-19 16:14:22
ORD01688,YokAndPun,100,10.700000000000001,Sell,TRUE,2025-09-19 16:14:22
ORD01689,YokAndPun,100,10.700000000000001,Sell,TRUE,2025-09-19 16:14:22
ORD01690,YokAndPun,100,10.700000000000001,Sell,TRUE,2025-09-19 16:14:22
ORD01691,YokAndPun,100,10.9,Buy,TRUE,2025-09-19 16:14:22
ORD01692,YokAndPun,100,10.9,Buy,TRUE,2025-09-19 16:14:22
ORD01693,YokAndPun,100,10.9,Buy,TRUE,2025-09-19 16:14:22
ORD01694,YokAndPun,100,11.0,Sell,TRUE,2025-09-19 16:14:22
ORD01696,YokAndPun,100,11.0,Sell,TRUE,2025-09-19 16:14:22
ORD01697,YokAndPun,100,10.9,Buy,TRUE,2025-09-19 16:14:25
ORD01698,YokAndPun,100,10.9,Buy,TRUE,2025-09-19 16:14:25
ORD01699,YokAndPun,100,10.9,Buy,TRUE,2025-09-19 16:14:29
ORD01700,YokAndPun,100,10.9,Buy,TRUE,2025-09-19 16:14:31
ORD01701,YokAndPun,100,10.9,Sell,TRUE,2025-09-19 16:14:37
ORD01703,YokAndPun,100,10.9,Sell,TRUE,2025-09-19 16:14:37
ORD01705,YokAndPun,100,10.9,Sell,TRUE,2025-09-19 16:14:37
ORD01704,YokAndPun,100,10.9,Sell,TRUE,2025-09-19 16:14:37
ORD01707,YokAndPun,100,10.9,Sell,TRUE,2025-09-19 16:14:37
ORD01708,YokAndPun,100,10.9,Buy,TRUE,2025-09-19 16:14:40
ORD01709,YokAndPun,100,10.9,Sell,TRUE,2025-09-19 16:14:40
ORD01710,YokAndPun,100,10.9,Buy,TRUE,2025-09-19 16:14:45
ORD01711,YokAndPun,100,10.9,Buy,TRUE,2025-09-19 16:14:45
ORD01712,YokAndPun,100,10.9,Buy,TRUE,2025-09-19 16:14:50
ORD01713,YokAndPun,100,10.9,Buy,TRUE,2025-09-19 16:14:50
ORD01714,YokAndPun,100,10.9,Buy,TRUE,2025-09-19 16:14:53
ORD01715,YokAndPun,100,10.9,Sell,TRUE,2025-09-19 16:15:14
ORD01717,YokAndPun,100,10.9,Sell,TRUE,2025-09-19 16:15:14
ORD01719,YokAndPun,100,10.9,Sell,TRUE,2025-09-19 16:15:14
ORD01718,YokAndPun,100,10.9,Sell,TRUE,2025-09-19 16:15:14
ORD01721,YokAndPun,100,10.9,Buy,TRUE,2025-09-19 16:15:18
ORD01722,YokAndPun,100,10.9,Buy,TRUE,2025-09-19 16:15:18
ORD01723,YokAndPun,100,10.9,Buy,TRUE,2025-09-19 16:15:22
ORD01724,YokAndPun,100,10.9,Buy,TRUE,2025-09-19 16:15:29
ORD01725,YokAndPun,100,22.3,Buy,CRC,2025-09-19 15:33:39
ORD01726,YokAndPun,100,22.4,Sell,CRC,2025-09-19 15:42:57
ORD01727,YokAndPun,100,40.75,Sell,GPSC,2025-09-22 09:57:34
ORD01728,YokAndPun,100,2.4,Buy,AWC,2025-09-22 10:00:02
ORD01729,YokAndPun,100,2.4,Buy,AWC,2025-09-22 10:00:02
ORD01730,YokAndPun,100,164.0,Buy,KBANK,2025-09-22 09:59:01
ORD01731,YokAndPun,100,18.700000000000003,Buy,OSP,2025-09-22 09:57:43
ORD01732,YokAndPun,100,116.5,Buy,EGCO,2025-09-22 09:58:16
ORD01733,YokAndPun,100,24.75,Sell,KTB,2025-09-22 09:59:36
ORD01734,YokAndPun,100,24.75,Sell,KTB,2025-09-22 09:59:36
ORD01735,YokAndPun,100,24.75,Sell,KTB,2025-09-22 09:59:36
ORD01736,YokAndPun,100,24.75,Sell,KTB,2025-09-22 09:59:36
ORD01737,YokAndPun,100,24.75,Sell,KTB,2025-09-22 09:59:36
ORD01738,YokAndPun,100,116.5,Buy,EGCO,2025-09-22 09:58:16
ORD01739,YokAndPun,100,25.25,Buy,KTB,2025-09-22 09:59:36
ORD01740,YokAndPun,100,116.5,Buy,EGCO,2025-09-22 09:58:16
ORD01741,YokAndPun,100,116.5,Buy,EGCO,2025-09-22 09:58:16
ORD01742,YokAndPun,100,10.6,Sell,TLI,2025-09-22 09:57:45
ORD01744,YokAndPun,100,10.6,Sell,TLI,2025-09-22 09:57:45
ORD01746,YokAndPun,100,10.6,Sell,TLI,2025-09-22 09:57:45
ORD01747,YokAndPun,100,10.6,Sell,TLI,2025-09-22 10:01:06
ORD01749,YokAndPun,100,45.75,Buy,GULF,2025-09-22 09:59:08
ORD01750,YokAndPun,100,10.6,Sell,TLI,2025-09-22 10:01:07
ORD01751,YokAndPun,100,45.5,Buy,GULF,2025-09-22 09:59:08
ORD01752,YokAndPun,100,45.25,Buy,GULF,2025-09-22 09:59:08
ORD01753,YokAndPun,100,45.25,Buy,GULF,2025-09-22 09:59:09
ORD01754,YokAndPun,100,45.5,Sell,GULF,2025-09-22 09:59:14
ORD01756,YokAndPun,100,25.25,Buy,KTB,2025-09-22 10:02:25
ORD01757,YokAndPun,100,45.5,Sell,GULF,2025-09-22 09:59:22
ORD01759,YokAndPun,100,45.5,Sell,GULF,2025-09-22 09:59:27
ORD01761,YokAndPun,100,18.5,Buy,SCGP,2025-09-22 10:03:17
ORD01762,YokAndPun,100,45.5,Sell,GULF,2025-09-22 10:00:03
ORD01763,YokAndPun,100,181.5,Buy,BH,2025-09-22 09:59:38
ORD01764,YokAndPun,100,23.0,Buy,CPF,2025-09-22 09:58:26
ORD01765,YokAndPun,100,25.25,Buy,KTB,2025-09-22 10:02:55
ORD01766,YokAndPun,100,27.5,Sell,PTTGC,2025-09-22 10:05:08
ORD01768,YokAndPun,100,27.5,Sell,PTTGC,2025-09-22 10:05:08
ORD01770,YokAndPun,100,27.5,Sell,PTTGC,2025-09-22 10:05:08
ORD01771,YokAndPun,100,10.7,Buy,TLI,2025-09-22 10:09:53
ORD01772,YokAndPun,100,58.25,Buy,KKP,2025-09-22 10:03:00
ORD01773,YokAndPun,100,22.5,Buy,CRC,2025-09-22 09:57:49
ORD01774,YokAndPun,100,27.5,Sell,PTTGC,2025-09-22 10:07:13
ORD01776,YokAndPun,100,22.599999999999998,Sell,CRC,2025-09-22 09:57:54
ORD01777,YokAndPun,100,23.1,Buy,IVL,2025-09-22 10:01:01
ORD01778,YokAndPun,100,25.25,Buy,KTB,2025-09-22 10:03:59
ORD01779,YokAndPun,100,27.5,Buy,PTTGC,2025-09-22 10:07:37
ORD01780,YokAndPun,100,27.25,Buy,PTTGC,2025-09-22 10:07:37
ORD01781,YokAndPun,100,27.25,Buy,PTTGC,2025-09-22 10:07:38
ORD01782,YokAndPun,100,27.5,Sell,PTTGC,2025-09-22 10:07:52
ORD01784,YokAndPun,100,27.5,Sell,PTTGC,2025-09-22 10:07:52
ORD01786,YokAndPun,100,7.7,Buy,HMPRO,2025-09-22 10:00:18
ORD01787,YokAndPun,100,27.5,Sell,PTTGC,2025-09-22 10:08:04
ORD01789,YokAndPun,100,2.4,Sell,AWC,2025-09-22 10:02:12
ORD01791,YokAndPun,100,27.5,Sell,PTTGC,2025-09-22 10:08:15
ORD01792,YokAndPun,100,10.7,Buy,TLI,2025-09-22 10:14:35
ORD01793,YokAndPun,100,116.5,Buy,EGCO,2025-09-22 10:15:18
ORD01794,YokAndPun,100,10.7,Buy,TLI,2025-09-22 10:15:42
ORD01795,YokAndPun,100,39.0,Buy,AOT,2025-09-22 09:57:48
ORD01796,YokAndPun,100,10.7,Buy,TLI,2025-09-22 10:15:43
ORD01797,YokAndPun,100,10.7,Buy,TLI,2025-09-22 10:15:44
ORD01798,YokAndPun,100,25.25,Buy,KTB,2025-09-22 10:05:24
ORD01799,YokAndPun,100,5.9,Sell,CCET,2025-09-22 10:01:07
ORD01800,YokAndPun,100,5.9,Sell,CCET,2025-09-22 10:01:07
ORD01801,YokAndPun,100,5.9,Sell,CCET,2025-09-22 10:01:07
ORD01802,YokAndPun,100,5.9,Sell,CCET,2025-09-22 10:01:07
ORD01803,YokAndPun,100,5.9,Sell,CCET,2025-09-22 10:01:07
ORD01804,YokAndPun,100,2.4,Sell,AWC,2025-09-22 10:04:07
ORD01805,YokAndPun,100,6.0,Buy,CCET,2025-09-22 10:01:07
ORD01806,YokAndPun,100,18.9,Sell,OSP,2025-09-22 10:04:42
ORD01808,YokAndPun,100,27.75,Buy,PTTGC,2025-09-22 10:17:00
ORD01809,YokAndPun,100,30.5,Sell,BCP,2025-09-22 10:01:03
ORD01810,YokAndPun,100,30.5,Sell,BCP,2025-09-22 10:01:03
ORD01811,YokAndPun,100,30.5,Sell,BCP,2025-09-22 10:01:03
ORD01812,YokAndPun,100,30.5,Sell,BCP,2025-09-22 10:01:03
ORD01813,YokAndPun,100,30.5,Sell,BCP,2025-09-22 10:01:03
ORD01814,YokAndPun,100,27.75,Buy,PTTGC,2025-09-22 10:17:00
ORD01815,YokAndPun,100,31.0,Buy,BCP,2025-09-22 10:01:03
ORD01816,YokAndPun,100,45.75,Buy,GULF,2025-09-22 10:01:25
ORD01817,YokAndPun,100,5.05,Sell,BEM,2025-09-22 10:15:29
ORD01818,YokAndPun,100,5.05,Sell,BEM,2025-09-22 10:15:29
ORD01819,YokAndPun,100,5.05,Sell,BEM,2025-09-22 10:15:29
ORD01820,YokAndPun,100,5.05,Sell,BEM,2025-09-22 10:15:29
ORD01821,YokAndPun,100,5.05,Sell,BEM,2025-09-22 10:15:29
ORD01822,YokAndPun,100,227.0,Buy,SCC,2025-09-22 10:17:07
ORD01823,YokAndPun,100,27.5,Buy,PTTGC,2025-09-22 10:17:01
ORD01824,YokAndPun,100,27.5,Buy,PTTGC,2025-09-22 10:17:02
ORD01825,YokAndPun,100,27.5,Sell,PTTGC,2025-09-22 10:17:40
ORD01827,YokAndPun,100,31.0,Buy,BCP,2025-09-22 10:03:11
ORD01828,YokAndPun,100,31.0,Buy,BCP,2025-09-22 10:03:12
ORD01829,YokAndPun,100,27.5,Buy,PTTGC,2025-09-22 10:19:36
ORD01830,YokAndPun,100,27.5,Buy,PTTGC,2025-09-22 10:20:32
ORD01831,YokAndPun,100,39.0,Buy,AOT,2025-09-22 10:02:19
ORD01832,YokAndPun,100,31.0,Buy,BCP,2025-09-22 10:03:38
ORD01833,YokAndPun,100,3.68,Sell,BTS,2025-09-22 10:04:30
ORD01835,YokAndPun,100,3.68,Sell,BTS,2025-09-22 10:04:30
ORD01836,YokAndPun,100,3.24,Buy,BTS,2025-09-22 10:04:40
ORD01837,YokAndPun,100,3.24,Buy,BTS,2025-09-22 10:04:45
ORD01838,YokAndPun,100,3.24,Buy,BTS,2025-09-22 10:04:59
ORD01839,YokAndPun,100,3.24,Buy,BTS,2025-09-22 10:05:02
ORD01840,YokAndPun,100,10.5,Sell,TRUE,2025-09-22 09:59:59
ORD01841,YokAndPun,100,10.5,Sell,TRUE,2025-09-22 09:59:59
ORD01842,YokAndPun,100,10.5,Sell,TRUE,2025-09-22 09:59:59
ORD01843,YokAndPun,100,10.5,Sell,TRUE,2025-09-22 09:59:59
ORD01844,YokAndPun,100,10.5,Sell,TRUE,2025-09-22 09:59:59
ORD01845,YokAndPun,100,10.7,Buy,TRUE,2025-09-22 09:59:59
ORD01846,YokAndPun,100,10.7,Buy,TRUE,2025-09-22 09:59:59
ORD01847,YokAndPun,100,5.1499999999999995,Buy,BEM,2025-09-22 10:19:43
ORD01848,YokAndPun,100,5.1499999999999995,Buy,BEM,2025-09-22 10:19:43
ORD01849,YokAndPun,100,10.700000000000001,Sell,TLI,2025-09-22 10:25:28
ORD01851,YokAndPun,100,10.700000000000001,Sell,TLI,2025-09-22 10:25:28
ORD01853,YokAndPun,100,10.700000000000001,Sell,TLI,2025-09-22 10:25:28
ORD01854,YokAndPun,100,5.1499999999999995,Buy,BEM,2025-09-22 10:20:36
ORD01855,YokAndPun,100,5.1499999999999995,Buy,BEM,2025-09-22 10:21:25
ORD01856,YokAndPun,100,10.700000000000001,Sell,TLI,2025-09-22 10:25:28
ORD01858,YokAndPun,100,2.42,Buy,AWC,2025-09-22 10:12:24
ORD01859,YokAndPun,100,25.25,Sell,KTB,2025-09-22 10:13:14
ORD01861,YokAndPun,100,25.25,Sell,KTB,2025-09-22 10:13:14
ORD01863,YokAndPun,100,25.25,Sell,KTB,2025-09-22 10:13:14
ORD01864,YokAndPun,100,10.700000000000001,Sell,TLI,2025-09-22 10:25:28
ORD01865,YokAndPun,100,31.0,Buy,BCP,2025-09-22 10:07:49
ORD01866,YokAndPun,100,10.7,Buy,TLI,2025-09-22 10:25:29
ORD01867,YokAndPun,100,10.700000000000001,Sell,TLI,2025-09-22 10:25:29
ORD01868,YokAndPun,100,25.25,Buy,KTB,2025-09-22 10:14:03
ORD01869,YokAndPun,100,25.25,Buy,KTB,2025-09-22 10:14:09
ORD01870,YokAndPun,100,2.42,Buy,AWC,2025-09-22 10:12:25
ORD01871,YokAndPun,100,10.799999999999999,Buy,TLI,2025-09-22 10:25:30
ORD01872,YokAndPun,100,10.700000000000001,Sell,TRUE,2025-09-22 10:00:07
ORD01874,YokAndPun,100,10.700000000000001,Sell,TRUE,2025-09-22 10:00:07
ORD01875,YokAndPun,100,6.0,Buy,CCET,2025-09-22 10:08:47
ORD01876,YokAndPun,100,2.42,Sell,AWC,2025-09-22 10:12:26
ORD01878,YokAndPun,100,10.7,Buy,TRUE,2025-09-22 10:00:18
ORD01879,YokAndPun,100,2.42,Buy,AWC,2025-09-22 10:12:27
ORD01880,YokAndPun,100,10.799999999999999,Buy,TLI,2025-09-22 10:28:53
ORD01881,YokAndPun,100,10.7,Buy,TRUE,2025-09-22 10:00:19
ORD01882,YokAndPun,100,31.0,Sell,BCP,2025-09-22 10:14:00
ORD01884,YokAndPun,100,31.0,Sell,BCP,2025-09-22 10:14:00
ORD01886,YokAndPun,100,31.0,Sell,BCP,2025-09-22 10:14:00
ORD01887,YokAndPun,100,10.799999999999999,Buy,TLI,2025-09-22 10:29:06
ORD01888,YokAndPun,100,10.7,Buy,TRUE,2025-09-22 10:00:26
ORD01889,YokAndPun,100,31.0,Buy,BCP,2025-09-22 10:14:06
ORD01890,YokAndPun,100,5.15,Sell,BEM,2025-09-22 10:24:34
ORD01892,YokAndPun,100,5.15,Sell,BEM,2025-09-22 10:24:34
ORD01894,YokAndPun,100,25.25,Buy,KTB,2025-09-22 10:15:27
ORD01895,YokAndPun,100,31.0,Buy,BCP,2025-09-22 10:17:16
ORD01896,YokAndPun,100,6.0,Buy,CCET,2025-09-22 10:10:03
ORD01897,YokAndPun,100,31.0,Buy,BCP,2025-09-22 10:17:16
ORD01898,YokAndPun,100,6.0,Buy,CCET,2025-09-22 10:11:00
ORD01899,YokAndPun,100,5.15,Sell,BEM,2025-09-22 10:30:33
ORD01901,YokAndPun,100,5.15,Sell,BEM,2025-09-22 10:31:05
ORD01902,YokAndPun,100,5.95,Buy,CCET,2025-09-22 10:11:24
ORD01903,YokAndPun,100,5.95,Sell,CCET,2025-09-22 10:11:24
ORD01904,YokAndPun,100,5.95,Buy,CCET,2025-09-22 10:11:25
ORD01905,YokAndPun,100,5.2,Buy,BEM,2025-09-22 10:35:36
ORD01906,YokAndPun,100,25.25,Sell,KTB,2025-09-22 10:16:25
ORD01908,YokAndPun,100,25.25,Sell,KTB,2025-09-22 10:16:25
ORD01910,YokAndPun,100,25.25,Sell,KTB,2025-09-22 10:16:25
ORD01911,YokAndPun,100,5.95,Sell,CCET,2025-09-22 10:11:58
ORD01913,YokAndPun,100,25.25,Sell,KTB,2025-09-22 10:16:25
ORD01915,YokAndPun,100,5.95,Sell,CCET,2025-09-22 10:12:12
ORD01917,YokAndPun,100,5.95,Sell,CCET,2025-09-22 10:12:37
ORD01919,YokAndPun,100,26.75,Sell,PTTGC,2025-09-22 11:36:51
ORD01920,YokAndPun,100,5.95,Sell,CCET,2025-09-22 10:13:04
ORD01922,YokAndPun,100,27.25,Buy,PTTGC,2025-09-22 11:36:51
ORD01923,YokAndPun,100,2.42,Sell,AWC,2025-09-22 10:17:16
ORD01925,YokAndPun,100,5.2,Buy,BEM,2025-09-22 10:44:38
ORD01926,YokAndPun,100,25.25,Buy,KTB,2025-09-22 10:17:43
ORD01927,YokAndPun,100,31.0,Sell,BCP,2025-09-22 10:39:36
ORD01929,YokAndPun,100,31.0,Sell,BCP,2025-09-22 10:39:36
ORD01931,YokAndPun,100,31.0,Sell,BCP,2025-09-22 10:39:36
ORD01932,YokAndPun,100,31.0,Buy,BCP,2025-09-22 10:40:06
ORD01933,YokAndPun,100,31.0,Buy,BCP,2025-09-22 10:41:34
ORD01934,YokAndPun,100,31.0,Sell,BCP,2025-09-22 10:52:04
ORD01936,YokAndPun,100,31.0,Sell,BCP,2025-09-22 10:52:04
ORD01938,YokAndPun,100,31.0,Sell,BCP,2025-09-22 10:52:10
ORD01940,YokAndPun,100,2.42,Sell,AWC,2025-09-22 10:21:12
ORD01941,YokAndPun,100,31.0,Buy,BCP,2025-09-22 10:52:47
ORD01942,YokAndPun,100,31.0,Buy,BCP,2025-09-22 10:55:17
ORD01943,YokAndPun,100,10.700000000000001,Sell,TRUE,2025-09-22 10:00:59
ORD01945,YokAndPun,100,10.700000000000001,Sell,TRUE,2025-09-22 10:00:59
ORD01946,YokAndPun,100,10.700000000000001,Sell,TRUE,2025-09-22 10:01:07
ORD01947,YokAndPun,100,10.8,Sell,TLI,2025-09-22 10:30:27
ORD01949,YokAndPun,100,10.8,Sell,TLI,2025-09-22 10:30:27
ORD01950,YokAndPun,100,10.8,Sell,TLI,2025-09-22 10:30:27
ORD01951,YokAndPun,100,31.0,Buy,BCP,2025-09-22 11:01:04
ORD01952,YokAndPun,100,5.95,Buy,CCET,2025-09-22 10:14:32
ORD01953,YokAndPun,100,5.95,Buy,CCET,2025-09-22 10:14:32
ORD01954,YokAndPun,100,10.7,Buy,TLI,2025-09-22 10:30:29
ORD01955,YokAndPun,100,5.2,Buy,BEM,2025-09-22 11:00:17
ORD01956,YokAndPun,100,10.700000000000001,Sell,TLI,2025-09-22 10:30:33
ORD01957,YokAndPun,100,10.799999999999999,Buy,TRUE,2025-09-22 10:02:07
ORD01958,YokAndPun,100,5.2,Buy,BEM,2025-09-22 11:00:36
ORD01959,YokAndPun,100,27.25,Sell,PTTGC,2025-09-22 11:37:02
ORD01960,YokAndPun,100,27.25,Buy,PTTGC,2025-09-22 11:37:04
ORD01961,YokAndPun,100,45.75,Buy,GULF,2025-09-22 10:20:07
ORD01962,YokAndPun,100,18.5,Buy,OSP,2025-09-22 10:24:29
ORD01963,YokAndPun,100,31.0,Buy,BCP,2025-09-22 11:11:46
ORD01964,YokAndPun,100,18.400000000000002,Buy,OSP,2025-09-22 10:25:55
ORD01965,YokAndPun,100,25.25,Sell,COM7,2025-09-22 10:13:57
ORD01967,YokAndPun,100,25.25,Sell,COM7,2025-09-22 10:13:57
ORD01969,YokAndPun,100,25.25,Sell,COM7,2025-09-22 10:13:57
ORD01970,YokAndPun,100,10.799999999999999,Buy,TLI,2025-09-22 10:30:38
ORD01971,YokAndPun,100,25.25,Buy,KTB,2025-09-22 10:20:18
ORD01972,YokAndPun,100,10.8,Sell,TLI,2025-09-22 10:31:03
ORD01973,YokAndPun,100,25.25,Sell,COM7,2025-09-22 10:14:45
ORD01975,YokAndPun,100,25.25,Sell,COM7,2025-09-22 10:14:45
ORD01976,YokAndPun,100,31.0,Sell,BCP,2025-09-22 11:32:51
ORD01978,YokAndPun,100,31.0,Sell,BCP,2025-09-22 11:32:51
ORD01980,YokAndPun,100,31.0,Sell,BCP,2025-09-22 11:32:51
